
@article{needlemanGeneralMethodApplicable1970,
	title = {A general method applicable to the search for similarities in the amino acid sequence of two proteins},
	author = {Needleman, Saul B. and Wunsch, Christian D.},
	year = {1970},
	month = {03},
	date = {1970-03-28},
	journal = {Journal of Molecular Biology},
	pages = {443--453},
	volume = {48},
	number = {3},
	doi = {10.1016/0022-2836(70)90057-4},
	url = {http://www.sciencedirect.com/science/article/pii/0022283670900574}
}

@article{smithIdentificationCommonMolecular1981,
	title = {Identification of common molecular subsequences},
	author = {Smith, T. F. and Waterman, M. S.},
	year = {1981},
	month = {03},
	date = {1981-03-25},
	journal = {Journal of Molecular Biology},
	pages = {195--197},
	volume = {147},
	number = {1},
	doi = {10.1016/0022-2836(81)90087-5},
	url = {https://www.sciencedirect.com/science/article/pii/0022283681900875},
	langid = {en}
}

@book{bradleyAppliedMathematicalProgramming1977,
	title = {Applied Mathematical Programming},
	author = {Bradley, Stephen P. and Hax, Arnoldo C. and Magnanti, Thomas L.},
	year = {1977},
	date = {1977},
	publisher = {Addison-Wesley Publishing Company},
	note = {Google-Books-ID: MSWdWv3Gn5cC},
	langid = {en}
}

@book{sungAlgorithmsBioinformaticsPractical2011,
	title = {Algorithms in Bioinformatics: A Practical Introduction},
	author = {Sung, Wing-Kin},
	year = {2011},
	month = {10},
	date = {2011-10-10},
	publisher = {Chapman and Hall/CRC},
	doi = {10.1201/9781420070347},
	note = {DOI: 10.1201/9781420070347},
	address = {New York}
}

@article{masekFasterAlgorithmComputing1980,
	title = {A faster algorithm computing string edit distances},
	author = {Masek, William J. and Paterson, Michael S.},
	year = {1980},
	month = {02},
	date = {1980-02-01},
	journal = {Journal of Computer and System Sciences},
	pages = {18--31},
	volume = {20},
	number = {1},
	doi = {10.1016/0022-0000(80)90002-1},
	url = {https://www.sciencedirect.com/science/article/pii/0022000080900021},
	langid = {en}
}

@article{ullmanBoundsComplexityLongest1976,
	title = {Bounds on the Complexity of the Longest Common Subsequence Problem},
	author = {Ullman, J. D. and Aho, A. V. and Hirschberg, D. S.},
	year = {1976},
	month = {01},
	date = {1976-01-01},
	journal = {Journal of the ACM},
	pages = {1{\textendash}12},
	volume = {23},
	number = {1},
	doi = {10.1145/321921.321922},
	url = {https://doi.org/10.1145/321921.321922}
}

@article{hirschbergLinearSpaceAlgorithm1975,
	title = {A linear space algorithm for computing maximal common subsequences},
	author = {Hirschberg, D. S.},
	year = {1975},
	month = {06},
	date = {1975-06-01},
	journal = {Communications of the ACM},
	pages = {341{\textendash}343},
	volume = {18},
	number = {6},
	doi = {10.1145/360825.360861},
	url = {https://doi.org/10.1145/360825.360861}
}

@article{chaoDevelopmentsAlgorithmsSequence2022,
	title = {Developments in Algorithms for Sequence Alignment: A Review},
	author = {Chao, Jiannan and Tang, Furong and Xu, Lei},
	year = {2022},
	month = {04},
	date = {2022-04-06},
	journal = {Biomolecules},
	pages = {546},
	volume = {12},
	number = {4},
	doi = {10.3390/biom12040546},
	url = {https://www.mdpi.com/2218-273X/12/4/546},
	langid = {en}
}

@article{bellmanTheoryDynamicProgramming1954,
	title = {The theory of dynamic programming},
	author = {Bellman, Richard},
	year = {1954},
	date = {1954},
	journal = {Bulletin of the American Mathematical Society},
	pages = {503--515},
	volume = {60},
	number = {6},
	doi = {10.1090/S0002-9904-1954-09848-8},
	url = {https://www.ams.org/bull/1954-60-06/S0002-9904-1954-09848-8/},
	langid = {en}
}

@book{hammingCodingInformationTheory1980,
	title = {Coding and Information Theory},
	author = {Hamming, Richard Wesley},
	year = {1980},
	date = {1980},
	publisher = {Prentice-Hall},
	note = {tex.ids= hamming1980coding
googlebooksid: ed5QAAAAMAAJ
lccn: 79015159},
	langid = {en}
}

@article{felsensteinEvolutionaryTreesDNA1981,
	title = {Evolutionary trees from DNA sequences: A maximum likelihood approach},
	author = {Felsenstein, Joseph},
	year = {1981},
	month = {11},
	date = {1981-11-01},
	journal = {Journal of Molecular Evolution},
	pages = {368--376},
	volume = {17},
	number = {6},
	doi = {10.1007/BF01734359},
	url = {https://doi.org/10.1007/BF01734359},
	langid = {en}
}

@article{kumarMEGAMolecularEvolutionary1994,
	title = {MEGA: Molecular Evolutionary Genetics Analysis software for microcomputers},
	author = {Kumar, Sudhir and Tamura, Koichiro and Nei, Masatoshi},
	year = {1994},
	month = {04},
	date = {1994-04-02},
	journal = {Bioinformatics},
	pages = {189--191},
	volume = {10},
	number = {2},
	doi = {10.1093/bioinformatics/10.2.189},
	url = {https://doi.org/10.1093/bioinformatics/10.2.189}
}

@article{kozlovRAxMLNGFastScalable2019,
	title = {RAxML-NG: a fast, scalable and user-friendly tool for maximum likelihood phylogenetic inference},
	author = {Kozlov, Alexey M and Darriba, Diego and Flouri, {Tomá{\v{s}}} and Morel, Benoit and Stamatakis, Alexandros},
	year = {2019},
	month = {11},
	date = {2019-11-01},
	journal = {Bioinformatics},
	pages = {4453--4455},
	volume = {35},
	number = {21},
	doi = {10.1093/bioinformatics/btz305},
	url = {https://doi.org/10.1093/bioinformatics/btz305}
}

@article{guindonNewAlgorithmsMethods2010,
	title = {New Algorithms and Methods to Estimate Maximum-Likelihood Phylogenies: Assessing the Performance of PhyML 3.0},
	author = {Guindon, {Stéphane} and Dufayard, {Jean-François} and Lefort, Vincent and Anisimova, Maria and Hordijk, Wim and Gascuel, Olivier},
	year = {2010},
	month = {05},
	date = {2010-05-01},
	journal = {Systematic Biology},
	pages = {307--321},
	volume = {59},
	number = {3},
	doi = {10.1093/sysbio/syq010},
	url = {https://doi.org/10.1093/sysbio/syq010}
}

@article{priceFastTreeApproximatelyMaximumLikelihood2010,
	title = {FastTree 2 {\textendash} Approximately Maximum-Likelihood Trees for Large Alignments},
	author = {Price, Morgan N. and Dehal, Paramvir S. and Arkin, Adam P.},
	year = {2010},
	month = {03},
	date = {2010-03-10},
	journal = {PLOS ONE},
	pages = {e9490},
	volume = {5},
	number = {3},
	doi = {10.1371/journal.pone.0009490},
	url = {https://journals.plos.org/plosone/article?id=10.1371/journal.pone.0009490},
	langid = {en}
}

@article{hardisonComparativeGenomics2003,
	title = {Comparative Genomics},
	author = {Hardison, Ross C.},
	year = {2003},
	month = {11},
	date = {2003-11-17},
	journal = {PLOS Biology},
	pages = {e58},
	volume = {1},
	number = {2},
	doi = {10.1371/journal.pbio.0000058},
	url = {https://journals.plos.org/plosbiology/article?id=10.1371/journal.pbio.0000058},
	note = {Publisher: Public Library of Science},
	langid = {en}
}

@article{salmelaCorrectingErrorsShort2011,
	title = {Correcting errors in short reads by multiple alignments},
	author = {Salmela, Leena and {Schröder}, Jan},
	year = {2011},
	month = {06},
	date = {2011-06-01},
	journal = {Bioinformatics},
	pages = {1455--1461},
	volume = {27},
	number = {11},
	doi = {10.1093/bioinformatics/btr170},
	url = {https://doi.org/10.1093/bioinformatics/btr170}
}

@article{jumperHighlyAccurateProtein2021,
	title = {Highly accurate protein structure prediction with AlphaFold},
	author = {Jumper, John and Evans, Richard and Pritzel, Alexander and Green, Tim and Figurnov, Michael and Ronneberger, Olaf and Tunyasuvunakool, Kathryn and Bates, Russ and {{\v{Z}}ídek}, Augustin and Potapenko, Anna and Bridgland, Alex and Meyer, Clemens and Kohl, Simon A. A. and Ballard, Andrew J. and Cowie, Andrew and Romera-Paredes, Bernardino and Nikolov, Stanislav and Jain, Rishub and Adler, Jonas and Back, Trevor and Petersen, Stig and Reiman, David and Clancy, Ellen and Zielinski, Michal and Steinegger, Martin and Pacholska, Michalina and Berghammer, Tamas and Bodenstein, Sebastian and Silver, David and Vinyals, Oriol and Senior, Andrew W. and Kavukcuoglu, Koray and Kohli, Pushmeet and Hassabis, Demis},
	year = {2021},
	month = {08},
	date = {2021-08},
	journal = {Nature},
	pages = {583--589},
	volume = {596},
	number = {7873},
	doi = {10.1038/s41586-021-03819-2},
	url = {https://www.nature.com/articles/s41586-021-03819-2},
	note = {Number: 7873
Publisher: Nature Publishing Group},
	langid = {en}
}

@article{karplusPredictingProteinStructure1999,
	title = {Predicting protein structure using only sequence information},
	author = {Karplus, Kevin and Barrett, Christian and Cline, Melissa and Diekhans, Mark and Grate, Leslie and Hughey, Richard},
	year = {1999},
	date = {1999},
	journal = {Proteins: Structure, Function, and Bioinformatics},
	pages = {121--125},
	volume = {37},
	number = {S3},
	doi = {10.1002/(SICI)1097-0134(1999)37:3+<121::AID-PROT16>3.0.CO;2-Q},
	url = {https://onlinelibrary.wiley.com/doi/abs/10.1002/%28SICI%291097-0134%281999%2937%3A3%20%3C121%3A%3AAID-PROT16%3E3.0.CO%3B2-Q},
	note = {{\_}eprint: https://onlinelibrary.wiley.com/doi/pdf/10.1002/%28SICI%291097-0134%281999%2937%3A3%2B%3C121%3A%3AAID-PROT16%3E3.0.CO%3B2-Q},
	langid = {en}
}

@article{watsonPredictingProteinFunction2005,
	title = {Predicting protein function from sequence and structural data},
	author = {Watson, James D and Laskowski, Roman A and Thornton, Janet M},
	year = {2005},
	month = {06},
	date = {2005-06-01},
	journal = {Current Opinion in Structural Biology},
	pages = {275--284},
	series = {Sequences and topology/Nucleic acids},
	volume = {15},
	number = {3},
	doi = {10.1016/j.sbi.2005.04.003},
	url = {https://www.sciencedirect.com/science/article/pii/S0959440X05000825},
	langid = {en}
}

@article{leePredictingProteinFunction2007,
	title = {Predicting protein function from sequence and structure},
	author = {Lee, David and Redfern, Oliver and Orengo, Christine},
	year = {2007},
	month = {12},
	date = {2007-12},
	journal = {Nature Reviews Molecular Cell Biology},
	pages = {995--1005},
	volume = {8},
	number = {12},
	doi = {10.1038/nrm2281},
	url = {https://www.nature.com/articles/nrm2281},
	langid = {en}
}

@article{medvedevComputationalMethodsDiscovering2009,
	title = {Computational methods for discovering structural variation with next-generation sequencing},
	author = {Medvedev, Paul and Stanciu, Monica and Brudno, Michael},
	year = {2009},
	month = {11},
	date = {2009-11},
	journal = {Nature Methods},
	pages = {S13--S20},
	volume = {6},
	number = {11},
	doi = {10.1038/nmeth.1374},
	url = {https://www.nature.com/articles/nmeth.1374},
	note = {Number: 11
Publisher: Nature Publishing Group},
	langid = {en}
}

@article{mahmoudStructuralVariantCalling2019,
	title = {Structural variant calling: the long and the short of it},
	author = {Mahmoud, Medhat and Gobet, Nastassia and {Cruz-Dávalos}, Diana Ivette and Mounier, Ninon and Dessimoz, Christophe and Sedlazeck, Fritz J.},
	year = {2019},
	month = {11},
	date = {2019-11-20},
	journal = {Genome Biology},
	pages = {246},
	volume = {20},
	number = {1},
	doi = {10.1186/s13059-019-1828-7},
	url = {https://doi.org/10.1186/s13059-019-1828-7},
	langid = {en}
}

@article{levenshteinBinaryCodesCapable1966,
	title = {Binary Codes Capable of Correcting Deletions, Insertions and Reversals},
	author = {Levenshtein, V. I.},
	year = {1966},
	month = {02},
	date = {1966-02-01},
	journal = {Soviet Physics Doklady},
	pages = {707},
	volume = {10},
	url = {https://ui.adsabs.harvard.edu/abs/1966SPhD...10..707L},
	note = {ADS Bibcode: 1966SPhD...10..707L}
}

@article{stajichBioperlToolkitPerl2002,
	title = {The Bioperl Toolkit: Perl Modules for the Life Sciences},
	author = {Stajich, Jason E. and Block, David and Boulez, Kris and Brenner, Steven E. and Chervitz, Stephen A. and Dagdigian, Chris and Fuellen, Georg and Gilbert, James G. R. and Korf, Ian and Lapp, Hilmar and {Lehväslaiho}, Heikki and Matsalla, Chad and Mungall, Chris J. and Osborne, Brian I. and Pocock, Matthew R. and Schattner, Peter and Senger, Martin and Stein, Lincoln D. and Stupka, Elia and Wilkinson, Mark D. and Birney, Ewan},
	year = {2002},
	month = {01},
	date = {2002-01-10},
	journal = {Genome Research},
	pages = {1611--1618},
	volume = {12},
	number = {10},
	doi = {10.1101/gr.361602},
	url = {https://genome.cshlp.org/content/12/10/1611},
	note = {Company: Cold Spring Harbor Laboratory Press
Distributor: Cold Spring Harbor Laboratory Press
Institution: Cold Spring Harbor Laboratory Press
Label: Cold Spring Harbor Laboratory Press
Publisher: Cold Spring Harbor Lab
PMID: 12368254},
	langid = {en}
}

@article{gentlemanBioconductorOpenSoftware2004,
	title = {Bioconductor: open software development for computational biology and bioinformatics},
	author = {Gentleman, Robert C. and Carey, Vincent J. and Bates, Douglas M. and Bolstad, Ben and Dettling, Marcel and Dudoit, Sandrine and Ellis, Byron and Gautier, Laurent and Ge, Yongchao and Gentry, Jeff and Hornik, Kurt and Hothorn, Torsten and Huber, Wolfgang and Iacus, Stefano and Irizarry, Rafael and Leisch, Friedrich and Li, Cheng and Maechler, Martin and Rossini, Anthony J. and Sawitzki, Gunther and Smith, Colin and Smyth, Gordon and Tierney, Luke and Yang, Jean YH and Zhang, Jianhua},
	year = {2004},
	month = {09},
	date = {2004-09-15},
	journal = {Genome Biology},
	pages = {R80},
	volume = {5},
	number = {10},
	doi = {10.1186/gb-2004-5-10-r80},
	url = {https://doi.org/10.1186/gb-2004-5-10-r80},
	langid = {en}
}

@article{frohmbergGPASImprovedVersion2012,
	title = {G-PAS 2.0 {\textendash} an improved version of protein alignment tool with an efficient backtracking routine on multiple GPUs},
	author = {Frohmberg, W. and Kierzynka, M. and Blazewicz, J. and Wojciechowski, P.},
	year = {2012},
	month = {12},
	date = {2012-12-01},
	journal = {Bulletin of the Polish Academy of Sciences: Technical Sciences},
	pages = {491--494},
	volume = {60},
	number = {3},
	doi = {10.2478/v10175-012-0062-1},
	url = {http://journals.pan.pl/dlibra/publication/96876/edition/83624/content},
	langid = {en}
}

@article{dailyParasailSIMDLibrary2016,
	title = {Parasail: SIMD C library for global, semi-global, and local pairwise sequence alignments},
	author = {Daily, Jeff},
	year = {2016},
	month = {02},
	date = {2016-02-10},
	journal = {BMC Bioinformatics},
	pages = {81},
	volume = {17},
	number = {1},
	doi = {10.1186/s12859-016-0930-z},
	url = {https://doi.org/10.1186/s12859-016-0930-z}
}

@article{gotohImprovedAlgorithmMatching1982,
	title = {An improved algorithm for matching biological sequences},
	author = {Gotoh, Osamu},
	year = {1982},
	month = {12},
	date = {1982-12-15},
	journal = {Journal of Molecular Biology},
	pages = {705--708},
	volume = {162},
	number = {3},
	doi = {10.1016/0022-2836(82)90398-9},
	url = {https://www.sciencedirect.com/science/article/pii/0022283682903989},
	langid = {en}
}

@article{myersOptimalAlignmentsLinear1988,
	title = {Optimal alignments in linear space},
	author = {Myers, Eugene W. and Miller, Webb},
	year = {1988},
	month = {03},
	date = {1988-03-01},
	journal = {Bioinformatics},
	pages = {11--17},
	volume = {4},
	number = {1},
	doi = {10.1093/bioinformatics/4.1.11},
	url = {https://doi.org/10.1093/bioinformatics/4.1.11}
}

@article{huangTimeefficientLinearspaceLocal1991,
	title = {A time-efficient, linear-space local similarity algorithm},
	author = {Huang, Xiaoqiu and Miller, Webb},
	year = {1991},
	month = {09},
	date = {1991-09-01},
	journal = {Advances in Applied Mathematics},
	pages = {337--357},
	volume = {12},
	number = {3},
	doi = {10.1016/0196-8858(91)90017-D},
	url = {https://www.sciencedirect.com/science/article/pii/019688589190017D},
	langid = {en}
}

@article{watermanNewAlgorithmBest1987,
	title = {A new algorithm for best subsequence alignments with application to tRNA-rRNA comparisons},
	author = {Waterman, Michael S. and Eggert, Mark},
	year = {1987},
	month = {10},
	date = {1987-10-20},
	journal = {Journal of Molecular Biology},
	pages = {723--728},
	volume = {197},
	number = {4},
	doi = {10.1016/0022-2836(87)90478-5},
	url = {https://www.sciencedirect.com/science/article/pii/0022283687904785},
	langid = {en}
}

@article{bennerEmpiricalStructuralModels1993,
	title = {Empirical and Structural Models for Insertions and Deletions in the Divergent Evolution of Proteins},
	author = {Benner, Steven A. and Cohen, Mark A. and Gonnet, Gaston H.},
	year = {1993},
	month = {02},
	date = {1993-02-20},
	journal = {Journal of Molecular Biology},
	pages = {1065--1082},
	volume = {229},
	number = {4},
	doi = {10.1006/jmbi.1993.1105},
	url = {https://www.sciencedirect.com/science/article/pii/S0022283683711058},
	langid = {en}
}

@article{guSizeDistributionInsertions1995,
	title = {The size distribution of insertions and deletions in human and rodent pseudogenes suggests the logarithmic gap penalty for sequence alignment},
	author = {Gu, Xun and Li, Wen-Hsiung},
	year = {1995},
	month = {04},
	date = {1995-04-01},
	journal = {Journal of Molecular Evolution},
	pages = {464--473},
	volume = {40},
	number = {4},
	doi = {10.1007/BF00164032},
	url = {https://doi.org/10.1007/BF00164032},
	langid = {en}
}

@article{watermanEfficientSequenceAlignment1984,
	title = {Efficient sequence alignment algorithms},
	author = {Waterman, Michael S.},
	year = {1984},
	month = {06},
	date = {1984-06-07},
	journal = {Journal of Theoretical Biology},
	pages = {333--337},
	volume = {108},
	number = {3},
	doi = {10.1016/S0022-5193(84)80037-5},
	url = {https://www.sciencedirect.com/science/article/pii/S0022519384800375},
	langid = {en}
}

@inbook{altschulSubstitutionMatrices2013,
	title = {Substitution Matrices},
	author = {Altschul, Stephen F},
	year = {2013},
	date = {2013},
	publisher = {John Wiley & Sons, Ltd},
	doi = {10.1002/9780470015902.a0005265.pub3},
	url = {https://onlinelibrary.wiley.com/doi/abs/10.1002/9780470015902.a0005265.pub3},
	note = {{\_}eprint: https://onlinelibrary.wiley.com/doi/pdf/10.1002/9780470015902.a0005265.pub3
DOI: 10.1002/9780470015902.a0005265.pub3},
	langid = {en}
}

@article{riceEMBOSSEuropeanMolecular2000,
	title = {EMBOSS: the European molecular biology open software suite},
	author = {Rice, Peter and Longden, Ian and Bleasby, Alan},
	year = {2000},
	date = {2000},
	journal = {Trends in genetics},
	pages = {276{\textendash}277},
	volume = {16},
	number = {6},
	note = {tex.ids= riceEMBOSSEuropeanMolecular
publisher: Elsevier current trends}
}

@article{dayhoffModelEvolutionaryChange1978,
	title = {A Model of Evolutionary Change in Proteins},
	author = {Dayhoff, M.O. and Schwartz, R.M. and Orcutt, B.C.},
	year = {1978},
	date = {1978},
	journal = {A Model of Evolutionary Change in Proteins},
	pages = {345--352}
}

@article{mullerModelingAminoAcid2000,
	title = {Modeling amino acid replacement},
	author = {{Müller}, T. and Vingron, M.},
	year = {2000},
	date = {2000},
	journal = {Journal of Computational Biology: A Journal of Computational Molecular Cell Biology},
	pages = {761--776},
	volume = {7},
	number = {6},
	doi = {10.1089/10665270050514918},
	note = {PMID: 11382360},
	langid = {eng}
}

@article{henikoffAminoAcidSubstitution1992,
	title = {Amino acid substitution matrices from protein blocks},
	author = {Henikoff, S. and Henikoff, J. G.},
	year = {1992},
	month = {11},
	date = {1992-11-15},
	journal = {Proceedings of the National Academy of Sciences},
	pages = {10915--10919},
	volume = {89},
	number = {22},
	doi = {10.1073/pnas.89.22.10915},
	url = {https://www.pnas.org/content/89/22/10915},
	note = {PMID: 1438297},
	langid = {en}
}

@article{mullerNonsymmetricScoreMatrices2001,
	title = {Non-symmetric score matrices and the detection of homologous transmembrane proteins},
	author = {{Müller}, Tobias and Rahmann, Sven and Rehmsmeier, Marc},
	year = {2001},
	month = {06},
	date = {2001-06-01},
	journal = {Bioinformatics},
	pages = {S182--S189},
	volume = {17},
	number = {suppl{\_}1},
	doi = {10.1093/bioinformatics/17.suppl_1.S182},
	url = {https://doi.org/10.1093/bioinformatics/17.suppl_1.S182}
}

@article{ngPHATTransmembranespecificSubstitution2000,
	title = {PHAT: a transmembrane-specific substitution matrix. Predicted hydrophobic and transmembrane},
	author = {Ng, P. C. and Henikoff, J. G. and Henikoff, S.},
	year = {2000},
	month = {09},
	date = {2000-09},
	journal = {Bioinformatics (Oxford, England)},
	pages = {760--766},
	volume = {16},
	number = {9},
	doi = {10.1093/bioinformatics/16.9.760},
	note = {PMID: 11108698},
	langid = {eng}
}

@article{trivediAminoAcidSubstitution2019,
	title = {Amino acid substitution scoring matrices specific to intrinsically disordered regions in proteins},
	author = {Trivedi, Rakesh and Nagarajaram, Hampapathalu Adimurthy},
	year = {2019},
	month = {11},
	date = {2019-11-08},
	journal = {Scientific Reports},
	pages = {16380},
	volume = {9},
	number = {1},
	doi = {10.1038/s41598-019-52532-8},
	url = {https://www.nature.com/articles/s41598-019-52532-8},
	note = {Number: 1
Publisher: Nature Publishing Group},
	langid = {en}
}

@article{goonesekereContextspecificAminoAcid2008,
	title = {Context-specific amino acid substitution matrices and their use in the detection of protein homologs},
	author = {Goonesekere, Nalin C. W. and Lee, Byungkook},
	year = {2008},
	date = {2008},
	journal = {Proteins: Structure, Function, and Bioinformatics},
	pages = {910--919},
	volume = {71},
	number = {2},
	doi = {10.1002/prot.21775},
	url = {https://onlinelibrary.wiley.com/doi/abs/10.1002/prot.21775},
	note = {{\_}eprint: https://onlinelibrary.wiley.com/doi/pdf/10.1002/prot.21775},
	langid = {en}
}

@article{pailaGenomeBiasInfluences2008,
	title = {Genome bias influences amino acid choices: analysis of amino acid substitution and re-compilation of substitution matrices exclusive to an AT-biased genome},
	author = {Paila, Umadevi and Kondam, Rohini and Ranjan, Akash},
	year = {2008},
	month = {12},
	date = {2008-12},
	journal = {Nucleic Acids Research},
	pages = {6664--6675},
	volume = {36},
	number = {21},
	doi = {10.1093/nar/gkn635},
	note = {PMID: 18948281
PMCID: PMC2588515},
	langid = {eng}
}

@article{nickleHIVSpecificProbabilisticModels2007,
	title = {HIV-Specific Probabilistic Models of Protein Evolution},
	author = {Nickle, David C. and Heath, Laura and Jensen, Mark A. and Gilbert, Peter B. and Mullins, James I. and Kosakovsky Pond, Sergei L.},
	year = {2007},
	month = {06},
	date = {2007-06-06},
	journal = {PLoS ONE},
	pages = {e503},
	volume = {2},
	number = {6},
	doi = {10.1371/journal.pone.0000503},
	url = {https://www.ncbi.nlm.nih.gov/pmc/articles/PMC1876811/},
	note = {PMID: 17551583
PMCID: PMC1876811}
}

@article{whelanGeneralEmpiricalModel2001,
	title = {A general empirical model of protein evolution derived from multiple protein families using a maximum-likelihood approach},
	author = {Whelan, S. and Goldman, N.},
	year = {2001},
	month = {05},
	date = {2001-05},
	journal = {Molecular Biology and Evolution},
	pages = {691--699},
	volume = {18},
	number = {5},
	doi = {10.1093/oxfordjournals.molbev.a003851},
	note = {PMID: 11319253},
	langid = {eng}
}

@article{leImprovedGeneralAmino2008,
	title = {An Improved General Amino Acid Replacement Matrix},
	author = {Le, Si Quang and Gascuel, Olivier},
	year = {2008},
	month = {07},
	date = {2008-07-01},
	journal = {Molecular Biology and Evolution},
	pages = {1307--1320},
	volume = {25},
	number = {7},
	doi = {10.1093/molbev/msn067},
	url = {https://doi.org/10.1093/molbev/msn067}
}

@inbook{chiaromonteScoringPairwiseGenomic2001,
	title = {Scoring pairwise genomic sequence alignments},
	author = {Chiaromonte, F. and Yap, V. B. and Miller, W.},
	year = {2001},
	month = {12},
	date = {2001-12},
	publisher = {WORLD SCIENTIFIC},
	pages = {115--126},
	doi = {10.1142/9789812799623_0012},
	url = {https://www.worldscientific.com/doi/abs/10.1142/9789812799623_0012},
	note = {DOI: 10.1142/9789812799623{\_}0012}
}

@article{schneiderEmpiricalCodonSubstitution2005,
	title = {Empirical codon substitution matrix},
	author = {Schneider, Adrian and Cannarozzi, Gina M. and Gonnet, Gaston H.},
	year = {2005},
	month = {06},
	date = {2005-06-01},
	journal = {BMC bioinformatics},
	pages = {134},
	volume = {6},
	doi = {10.1186/1471-2105-6-134},
	note = {PMID: 15927081
PMCID: PMC1173088},
	langid = {eng}
}

@article{doron-faigenboimCombinedEmpiricalMechanistic2007,
	title = {A Combined Empirical and Mechanistic Codon Model},
	author = {Doron-Faigenboim, Adi and Pupko, Tal},
	year = {2007},
	month = {02},
	date = {2007-02-01},
	journal = {Molecular Biology and Evolution},
	pages = {388--397},
	volume = {24},
	number = {2},
	doi = {10.1093/molbev/msl175},
	url = {https://doi.org/10.1093/molbev/msl175}
}

@article{sardiuScoreStatisticsGlobal2005,
	title = {Score statistics of global sequence alignment from the energy distribution of a modified directed polymer and directed percolation problem},
	author = {Sardiu, Mihaela E. and Alves, Gelio and Yu, Yi-Kuo},
	year = {2005},
	month = {12},
	date = {2005-12},
	journal = {Physical Review. E, Statistical, Nonlinear, and Soft Matter Physics},
	pages = {061917},
	volume = {72},
	number = {6 Pt 1},
	doi = {10.1103/PhysRevE.72.061917},
	note = {PMID: 16485984},
	langid = {eng}
}
