
@article{abeler-dornerPANGEAHIVPhylogeneticsNetworks2019,
  author  = {{Abeler-Dörner}, Lucie and Grabowski, Mary K. and Rambaut, Andrew and Pillay, Deenan and Fraser, Christophe and Consortium, on behalf of the PANGEA},
  date    = {2019-05},
  doi     = {10.1097/COH.0000000000000542},
  journal = {Current Opinion in HIV and AIDS},
  langid  = {canadian},
  month   = {05},
  number  = {3},
  pages   = {173{\textendash}180},
  title   = {PANGEA-HIV 2: Phylogenetics And Networks for Generalised Epidemics in Africa},
  url     = {https://doi.org/10.1097/COH.0000000000000542},
  volume  = {14},
  year    = {2019}
}

@book{adamsAtlasInvertebrateViruses2017,
  address   = {Boca Raton},
  date      = {2017-08-31},
  doi       = {10.1201/9781315149929},
  editor    = {Adams, Jean R. and Bonami, Jean R.},
  month     = {08},
  note      = {DOI: 10.1201/9781315149929},
  publisher = {CRC Press},
  title     = {Atlas of Invertebrate Viruses},
  year      = {2017}
}

@article{ammaranondMechanismHIVAntiretroviral2012,
  author  = {Ammaranond, Palanee and Sanguansittianan, Sayompoo},
  date    = {2012},
  doi     = {10.1111/j.1472-8206.2011.01009.x},
  journal = {Fundamental \& Clinical Pharmacology},
  langid  = {en},
  note    = {{\_}eprint: https://onlinelibrary.wiley.com/doi/pdf/10.1111/j.1472-8206.2011.01009.x},
  number  = {1},
  pages   = {146--161},
  title   = {Mechanism of HIV antiretroviral drugs progress toward drug resistance},
  url     = {https://onlinelibrary.wiley.com/doi/abs/10.1111/j.1472-8206.2011.01009.x},
  volume  = {26},
  year    = {2012}
}

@misc{AntiretroviralDrugsChart,
  langid = {en},
  title  = {Antiretroviral drugs chart},
  url    = {https://www.aidsmap.com/about-hiv/antiretroviral-drugs-chart}
}

@article{backDengueVirusesOverview2013,
  author  = {{Bäck}, Anne Tuiskunen and Lundkvist, {Åke}},
  date    = {2013-08-30},
  doi     = {10.3402/iee.v3i0.19839},
  journal = {Infection Ecology \& Epidemiology},
  month   = {08},
  note    = {PMID: 24003364
             PMCID: PMC3759171},
  pages   = {10.3402/iee.v3i0.19839},
  title   = {Dengue viruses {\textendash} an overview},
  url     = {https://www.ncbi.nlm.nih.gov/pmc/articles/PMC3759171/},
  volume  = {3},
  year    = {2013}
}

@article{baetenAntiretroviralProphylaxisHIV2012,
  author  = {Baeten, Jared M. and Donnell, Deborah and Ndase, Patrick and Mugo, Nelly R. and Campbell, James D. and Wangisi, Jonathan and Tappero, Jordan W. and Bukusi, Elizabeth A. and Cohen, Craig R. and Katabira, Elly and Ronald, Allan and Tumwesigye, Elioda and Were, Edwin and Fife, Kenneth H. and Kiarie, James and Farquhar, Carey and John-Stewart, Grace and Kakia, Aloysious and Odoyo, Josephine and Mucunguzi, Akasiima and Nakku-Joloba, Edith and Twesigye, Rogers and Ngure, Kenneth and Apaka, Cosmas and Tamooh, Harrison and Gabona, Fridah and Mujugira, Andrew and Panteleeff, Dana and Thomas, Katherine K. and Kidoguchi, Lara and Krows, Meighan and Revall, Jennifer and Morrison, Susan and Haugen, Harald and Emmanuel-Ogier, Mira and Ondrejcek, Lisa and Coombs, Robert W. and Frenkel, Lisa and Hendrix, Craig and Bumpus, {Namandjé N.} and Bangsberg, David and Haberer, Jessica E. and Stevens, Wendy S. and Lingappa, Jairam R. and Celum, Connie and Partners PrEP Study Team, },
  date    = {2012-08-02},
  doi     = {10.1056/NEJMoa1108524},
  journal = {The New England Journal of Medicine},
  langid  = {eng},
  month   = {08},
  note    = {PMID: 22784037
             PMCID: PMC3770474},
  number  = {5},
  pages   = {399--410},
  title   = {Antiretroviral prophylaxis for HIV prevention in heterosexual men and women},
  volume  = {367},
  year    = {2012}
}

@article{baltimoreExpressionAnimalVirus1971,
  author  = {Baltimore, D.},
  date    = {1971-09},
  doi     = {10.1128/br.35.3.235-241.1971},
  journal = {Bacteriological Reviews},
  langid  = {eng},
  month   = {09},
  note    = {PMID: 4329869
             PMCID: PMC378387},
  number  = {3},
  pages   = {235--241},
  title   = {Expression of animal virus genomes},
  volume  = {35},
  year    = {1971}
}

@article{barre-sinoussiIsolationTlymphotropicRetrovirus1983,
  author  = {{Barré-Sinoussi}, F. and Chermann, J. C. and Rey, F. and Nugeyre, M. T. and Chamaret, S. and Gruest, J. and Dauguet, C. and Axler-Blin, C. and {Vézinet-Brun}, F. and Rouzioux, C. and Rozenbaum, W. and Montagnier, L.},
  date    = {1983-05-20},
  doi     = {10.1126/science.6189183},
  journal = {Science (New York, N.Y.)},
  langid  = {eng},
  month   = {05},
  note    = {PMID: 6189183},
  number  = {4599},
  pages   = {868--871},
  title   = {Isolation of a T-lymphotropic retrovirus from a patient at risk for acquired immune deficiency syndrome (AIDS)},
  volume  = {220},
  year    = {1983}
}

@article{beckHepatitisVirusReplication2007,
  author  = {Beck, Juergen and Nassal, Michael},
  date    = {2007-01-07},
  doi     = {10.3748/wjg.v13.i1.48},
  journal = {World Journal of Gastroenterology : WJG},
  month   = {01},
  note    = {PMID: 17206754
             PMCID: PMC4065876},
  number  = {1},
  pages   = {48--64},
  title   = {Hepatitis B virus replication},
  url     = {https://www.ncbi.nlm.nih.gov/pmc/articles/PMC4065876/},
  volume  = {13},
  year    = {2007}
}

@article{blancoHIV1IntegraseInhibitor2011,
  author  = {Blanco, Jose-Luis and Varghese, Vici and Rhee, Soo-Yon and Gatell, Jose M. and Shafer, Robert W.},
  date    = {2011-05-01},
  doi     = {10.1093/infdis/jir025},
  journal = {The Journal of Infectious Diseases},
  month   = {05},
  number  = {9},
  pages   = {1204--1214},
  title   = {HIV-1 Integrase Inhibitor Resistance and Its Clinical Implications},
  url     = {https://doi.org/10.1093/infdis/jir025},
  volume  = {203},
  year    = {2011}
}

@article{blasselDrugResistanceMutations2021,
  author  = {Blassel, Luc and Zhukova, Anna and Villabona-Arenas, Christian J and Atkins, Katherine E and {Hué}, {Stéphane} and Gascuel, Olivier},
  date    = {2021-12-01},
  doi     = {10.1016/j.coviro.2021.09.009},
  journal = {Current Opinion in Virology},
  langid  = {en},
  month   = {12},
  pages   = {56--64},
  title   = {Drug resistance mutations in HIV: new bioinformatics approaches and challenges},
  url     = {https://www.sciencedirect.com/science/article/pii/S1879625721001073},
  volume  = {51},
  year    = {2021}
}

@article{boehmerHerpesVirusReplication2003,
  author  = {Boehmer, Paul and Nimonkar, Amitabh},
  date    = {2003},
  doi     = {10.1080/1521654031000070645},
  journal = {IUBMB Life},
  langid  = {en},
  note    = {{\_}eprint: https://onlinelibrary.wiley.com/doi/pdf/10.1080/1521654031000070645},
  number  = {1},
  pages   = {13--22},
  title   = {Herpes Virus Replication},
  url     = {https://onlinelibrary.wiley.com/doi/abs/10.1080/1521654031000070645},
  volume  = {55},
  year    = {2003}
}

@article{boekeRetrotransposonsEndogenousRetroviruses1997,
  author = {Boeke, JD and Stoye, JP},
  date   = {1997},
  langid = {eng},
  note   = {PMID: 21433351},
  title  = {Retrotransposons, Endogenous Retroviruses, and the Evolution of Retroelement},
  url    = {https://www.ncbi.nlm.nih.gov/books/NBK19468},
  year   = {1997}
}

@article{boermaHighLevelsPretreatment2016,
  author  = {Boerma, Ragna S and Boender, T Sonia and Sigaloff, Kim C.E. and Rinke de Wit, Tobias F and van Hensbroek, Michael Boele and Ndembi, Nicaise and Adeyemo, Titilope and Temiye, Edamisan O and Osibogun, Akin and Ondoa, Pascale and Calis, Job C and Akanmu, Alani Sulaimon},
  date    = {2016},
  doi     = {10.7448/IAS.19.1.21140},
  journal = {Journal of the International AIDS Society},
  langid  = {en},
  note    = {{\_}eprint: https://onlinelibrary.wiley.com/doi/pdf/10.7448/IAS.19.1.21140},
  number  = {1},
  pages   = {21140},
  title   = {High levels of pre-treatment HIV drug resistance and treatment failure in Nigerian children},
  url     = {https://onlinelibrary.wiley.com/doi/abs/10.7448/IAS.19.1.21140},
  volume  = {19},
  year    = {2016}
}

@article{bourHumanImmunodeficiencyVirus1995,
  author  = {Bour, S and Geleziunas, R and Wainberg, M A},
  date    = {1995-03},
  doi     = {10.1128/mr.59.1.63-93.1995},
  journal = {Microbiological Reviews},
  month   = {03},
  note    = {Publisher: American Society for Microbiology},
  number  = {1},
  pages   = {63--93},
  title   = {The human immunodeficiency virus type 1 (HIV-1) CD4 receptor and its central role in promotion of HIV-1 infection},
  url     = {https://journals.asm.org/doi/abs/10.1128/mr.59.1.63-93.1995},
  volume  = {59},
  year    = {1995}
}

@article{boyerSelectiveExcisionAZTMP2001,
  author  = {Boyer, Paul L. and Sarafianos, Stefan G. and Arnold, Edward and Hughes, Stephen H.},
  date    = {2001-05},
  doi     = {10.1128/JVI.75.10.4832-4842.2001},
  journal = {Journal of Virology},
  month   = {05},
  note    = {PMID: 11312355
             PMCID: PMC114238},
  number  = {10},
  pages   = {4832--4842},
  title   = {Selective Excision of AZTMP by Drug-Resistant Human Immunodeficiency Virus Reverse Transcriptase},
  url     = {https://www.ncbi.nlm.nih.gov/pmc/articles/PMC114238/},
  volume  = {75},
  year    = {2001}
}

@article{brentjensHumanPapillomavirusReview2002,
  author  = {Brentjens, Mathijs H and Yeung-Yue, Kimberly A and Lee, Patricia C and Tyring, Stephen K},
  date    = {2002-04-01},
  doi     = {10.1016/S0733-8635(01)00028-6},
  journal = {Dermatologic Clinics},
  langid  = {en},
  month   = {04},
  number  = {2},
  pages   = {315--331},
  title   = {Human papillomavirus: a review},
  url     = {https://www.sciencedirect.com/science/article/pii/S0733863501000286},
  volume  = {20},
  year    = {2002}
}

@article{briquetImmunolocalizationStudiesAntisense2002,
  author  = {Briquet, Sylvie and Vaquero, Catherine},
  date    = {2002-01-20},
  doi     = {10.1006/viro.2001.1224},
  journal = {Virology},
  langid  = {en},
  month   = {01},
  number  = {2},
  pages   = {177--184},
  title   = {Immunolocalization Studies of an Antisense Protein in HIV-1-Infected Cells and Viral Particles},
  url     = {https://www.sciencedirect.com/science/article/pii/S0042682201912243},
  volume  = {292},
  year    = {2002}
}

@article{buchbinderPreexposureProphylaxisPromise2011,
  author  = {Buchbinder, Susan P. and Liu, Albert},
  date    = {2011-04},
  doi     = {10.1007/s10461-011-9894-1},
  journal = {AIDS and behavior},
  langid  = {eng},
  month   = {04},
  note    = {PMID: 21331801
             PMCID: PMC3064892},
  pages   = {S72--79},
  title   = {Pre-exposure prophylaxis and the promise of combination prevention approaches},
  volume  = {15 Suppl 1},
  year    = {2011}
}

@article{campillo-balderasViralGenomeSize2015,
  author  = {Campillo-Balderas, {José A.} and Lazcano, Antonio and Becerra, Arturo},
  date    = {2015},
  journal = {Frontiers in Ecology and Evolution},
  title   = {Viral Genome Size Distribution Does not Correlate with the Antiquity of the Host Lineages},
  url     = {https://www.frontiersin.org/article/10.3389/fevo.2015.00143},
  volume  = {3},
  year    = {2015}
}

@inbook{cannVirusStructure2015,
  author    = {Cann, Alan J},
  date      = {2015},
  doi       = {10.1002/9780470015902.a0000439.pub2},
  langid    = {en},
  note      = {{\_}eprint: https://onlinelibrary.wiley.com/doi/pdf/10.1002/9780470015902.a0000439.pub2
               DOI: 10.1002/9780470015902.a0000439.pub2},
  pages     = {1--9},
  publisher = {John Wiley \& Sons, Ltd},
  title     = {Virus Structure},
  url       = {https://onlinelibrary.wiley.com/doi/abs/10.1002/9780470015902.a0000439.pub2},
  year      = {2015}
}

@article{cassanConcomitantEmergenceAntisense2016,
  author  = {Cassan, Elodie and Arigon-Chifolleau, Anne-Muriel and Mesnard, Jean-Michel and Gross, Antoine and Gascuel, Olivier},
  date    = {2016-10-11},
  doi     = {10.1073/pnas.1605739113},
  journal = {Proceedings of the National Academy of Sciences},
  langid  = {en},
  month   = {10},
  note    = {Publisher: National Academy of Sciences
             Section: Biological Sciences
             PMID: 27681623},
  number  = {41},
  pages   = {11537--11542},
  title   = {Concomitant emergence of the antisense protein gene of HIV-1 and of the pandemic},
  url     = {https://www.pnas.org/content/113/41/11537},
  volume  = {113},
  year    = {2016}
}

@article{castroPersistenceHIV1Transmitted2013,
  author  = {Castro, Hannah and Pillay, Deenan and Cane, Patricia and Asboe, David and Cambiano, Valentina and Phillips, Andrew and Dunn, David T. and Aitken, Celia and Asboe, David and Webster, Daniel and Cane, Patricia and Castro, Hannah and Chadwick, David and Churchill, Duncan and Clark, Duncan and Collins, Simon and Delpech, Valerie and Geretti, Anna Maria and Goldberg, David and Hale, Antony and {Hué}, {Stéphane} and Kaye, Steve and Kellam, Paul and Lazarus, Linda and Leigh-Brown, Andrew and Mackie, Nicola and Orkin, Chloe and Rice, Philip and Pillay, Deenan and Smit, Erasmus and Templeton, Kate and Tilston, Peter and Tong, William and Williams, Ian and Zhang, Hongyi and Zuckerman, Mark and Greatorex, Jane and Wildfire, Adrian and {O'Shea}, Siobhan and Mullen, Jane and Mbisa, Tamyo and Cox, Alison and Tandy, Richard and Hale, Tony and Fawcett, Tracy and Hopkins, Mark and Ashton, Lynn and Garcia-Diaz, Ana and Shepherd, Jill and Schmid, Matthias L. and Payne, Brendan and Chadwick, David and Hay, Phillip and Rice, Phillip and Paynter, Mary and Clark, Duncan and Bibby, David and Kaye, Steve and Kirk, Stuart and MacLean, Alasdair and Aitken, Celia and Gunson, Rory},
  date    = {2013-11-01},
  doi     = {10.1093/infdis/jit345},
  journal = {The Journal of Infectious Diseases},
  langid  = {en},
  month   = {11},
  number  = {9},
  pages   = {1459--1463},
  title   = {Persistence of HIV-1 Transmitted Drug Resistance Mutations},
  url     = {https://academic.oup.com/jid/article/208/9/1459/2192846},
  volume  = {208},
  year    = {2013}
}

@article{chenGeneticCharacterizationNew1996,
  author  = {Chen, Z. and Telfier, P. and Gettie, A. and Reed, P. and Zhang, L. and Ho, D. D. and Marx, P. A.},
  date    = {1996-06},
  doi     = {10.1128/JVI.70.6.3617-3627.1996},
  journal = {Journal of Virology},
  langid  = {eng},
  month   = {06},
  note    = {PMID: 8648696
             PMCID: PMC190237},
  number  = {6},
  pages   = {3617--3627},
  title   = {Genetic characterization of new West African simian immunodeficiency virus SIVsm: geographic clustering of household-derived SIV strains with human immunodeficiency virus type 2 subtypes and genetically diverse viruses from a single feral sooty mangabey troop},
  volume  = {70},
  year    = {1996}
}

@article{chiuStructureFunctionHIV12004,
  author  = {Chiu, Thang K. and Davies, David R.},
  date    = {2004-05-01},
  doi     = {10.2174/1568026043388547},
  journal = {Current Topics in Medicinal Chemistry},
  month   = {05},
  note    = {tex.ids= chiuStructureFunctionHIV1},
  number  = {9},
  pages   = {965--977},
  title   = {Structure and Function of HIV-1 Integrase},
  volume  = {4},
  year    = {2004}
}

@article{clarkBacterialVirusesHuman2004,
  author  = {Clark, Jason R and March, John B},
  date    = {2004-08-01},
  doi     = {10.1586/14760584.3.4.463},
  journal = {Expert Review of Vaccines},
  month   = {08},
  note    = {Publisher: Taylor \& Francis
             {\_}eprint: https://doi.org/10.1586/14760584.3.4.463
             PMID: 15270651},
  number  = {4},
  pages   = {463--476},
  title   = {Bacterial viruses as human vaccines?},
  url     = {https://doi.org/10.1586/14760584.3.4.463},
  volume  = {3},
  year    = {2004}
}

@article{clarkMutationsRetroviralGenes2007,
  author  = {Clark, Shauna A and Calef, Charles and Mellors, John W},
  date    = {2007},
  journal = {HIV sequence compendium},
  note    = {tex.ids= clarkMutationsRetroviralGenes
             publisher: Citeseer},
  pages   = {58{\textendash}158},
  title   = {Mutations in retroviral genes associated with drug resistance},
  year    = {2007}
}

@article{clavelHIVDrugResistance2004,
  author  = {Clavel, {François} and Hance, Allan J.},
  date    = {2004-03-04},
  doi     = {10.1056/NEJMra025195},
  journal = {New England Journal of Medicine},
  month   = {03},
  note    = {Publisher: Massachusetts Medical Society
             {\_}eprint: https://www.nejm.org/doi/pdf/10.1056/NEJMra025195
             PMID: 14999114},
  number  = {10},
  pages   = {1023--1035},
  title   = {HIV Drug Resistance},
  url     = {https://www.nejm.org/doi/full/10.1056/NEJMra025195},
  volume  = {350},
  year    = {2004}
}

@article{clavelIsolationNewHuman1986,
  author  = {Clavel, {François} and {Guétard}, Denise and {Brun-Vézinet}, {Françoise} and Chamaret, Sophie and Rey, Marie-Anne and Santos-Ferreira, M. O. and Laurent, Anne G. and Dauguet, Charles and Katlama, Christine and Rouzioux, Christine and Klatzmann, David and Champalimaud, J. L. and Montagnier, Luc},
  date    = {1986-07-18},
  doi     = {10.1126/science.2425430},
  journal = {Science},
  month   = {07},
  note    = {Publisher: American Association for the Advancement of Science},
  number  = {4761},
  pages   = {343--346},
  title   = {Isolation of a New Human Retrovirus from West African Patients with AIDS},
  url     = {https://www.science.org/doi/abs/10.1126/science.2425430},
  volume  = {233},
  year    = {1986}
}

@inbook{cohenRoleAuxiliaryProteins1996,
  address   = {Berlin, Heidelberg},
  author    = {Cohen, {é. A.} and Subbramanian, R. A. and {Göttlinger}, H. G.},
  date      = {1996},
  doi       = {10.1007/978-3-642-80145-7_7},
  editor    = {{Kräusslich}, Hans-Georg},
  langid    = {en},
  note      = {DOI: 10.1007/978-3-642-80145-7{\_}7},
  pages     = {219--235},
  publisher = {Springer},
  series    = {Current Topics in Microbiology and Immunology},
  title     = {Role of Auxiliary Proteins in Retroviral Morphogenesis},
  url       = {https://doi.org/10.1007/978-3-642-80145-7_7},
  year      = {1996}
}

@article{deeksNonnucleosideReverseTranscriptase2001,
  author  = {Deeks, Steven G.},
  date    = {2001-03-01},
  journal = {JAIDS Journal of Acquired Immune Deficiency Syndromes},
  langid  = {canadian},
  month   = {03},
  pages   = {S25},
  title   = {Nonnucleoside Reverse Transcriptase Inhibitor Resistance},
  url     = {https://journals.lww.com/jaids/Abstract/2001/03011/Nonnucleoside_Reverse_Transcriptase_Inhibitor.4.aspx},
  volume  = {26},
  year    = {2001}
}

@article{delbrockBacterialVirusesBacteriophages1946,
  author  = {Delbrock, M.},
  date    = {1946},
  doi     = {10.1111/j.1469-185X.1946.tb00451.x},
  journal = {Biological Reviews},
  langid  = {en},
  note    = {{\_}eprint: https://onlinelibrary.wiley.com/doi/pdf/10.1111/j.1469-185X.1946.tb00451.x},
  number  = {1},
  pages   = {30--40},
  title   = {Bacterial Viruses or Bacteriophages},
  url     = {https://onlinelibrary.wiley.com/doi/abs/10.1111/j.1469-185X.1946.tb00451.x},
  volume  = {21},
  year    = {1946}
}

@article{delelisIntegraseIntegrationBiochemical2008,
  author  = {Delelis, Olivier and Carayon, Kevin and {Saïb}, Ali and Deprez, Eric and Mouscadet, {Jean-François}},
  date    = {2008-12-17},
  doi     = {10.1186/1742-4690-5-114},
  journal = {Retrovirology},
  month   = {12},
  note    = {PMID: 19091057
             PMCID: PMC2615046},
  pages   = {114},
  title   = {Integrase and integration: biochemical activities of HIV-1 integrase},
  url     = {https://www.ncbi.nlm.nih.gov/pmc/articles/PMC2615046/},
  volume  = {5},
  year    = {2008}
}

@inbook{desnuesChapterSputnikVirophage2012,
  author    = {Desnues, Christelle and Boyer, {Mickaël} and Raoult, Didier},
  date      = {2012-01-01},
  doi       = {10.1016/B978-0-12-394621-8.00013-3},
  editor    = {{{\L}obocka}, {Ma{\l}gorzata} and Szybalski, {Wac{\l}aw T.}},
  langid    = {en},
  month     = {01},
  note      = {DOI: 10.1016/B978-0-12-394621-8.00013-3},
  pages     = {63--89},
  publisher = {Academic Press},
  series    = {Bacteriophages, Part A},
  title     = {Chapter 3 - Sputnik, a Virophage Infecting the Viral Domain of Life},
  url       = {https://www.sciencedirect.com/science/article/pii/B9780123946218000133},
  volume    = {82},
  year      = {2012}
}

@article{devreeseResistanceHumanImmunodeficiency1992,
  author  = {de Vreese, Karen and Debyser, Zeger and Vandamme, Anne-Mieke and Pauwels, Rudi and Desmyter, Jan and de Clercq, Erik and Anne Rega, Jozef},
  date    = {1992-06-01},
  doi     = {10.1016/0042-6822(92)90550-9},
  journal = {Virology},
  langid  = {en},
  month   = {06},
  number  = {2},
  pages   = {900--904},
  title   = {Resistance of human immunodeficiency virus type 1 reverse transcriptase to TIBO derivatives induced by site-directed mutagenesis},
  url     = {https://www.sciencedirect.com/science/article/pii/0042682292905509},
  volume  = {188},
  year    = {1992}
}

@misc{DistributionAllHIV1,
  title = {Distribution of all HIV-1 sequences: WORLD},
  url   = {https://www.hiv.lanl.gov/components/sequence/HIV/geo/geo.comp}
}

@inbook{domingoRNAVirusGenomes2018,
  author    = {Domingo, Esteban and Perales, Celia},
  date      = {2018},
  doi       = {10.1002/9780470015902.a0001488.pub3},
  langid    = {en},
  note      = {{\_}eprint: https://onlinelibrary.wiley.com/doi/pdf/10.1002/9780470015902.a0001488.pub3
               DOI: 10.1002/9780470015902.a0001488.pub3},
  pages     = {1--12},
  publisher = {John Wiley \& Sons, Ltd},
  title     = {RNA Virus Genomes},
  url       = {https://onlinelibrary.wiley.com/doi/abs/10.1002/9780470015902.a0001488.pub3},
  year      = {2018}
}

@inbook{domingoVirusEvolution2014,
  author    = {Domingo, Esteban and Perales, Celia},
  date      = {2014},
  doi       = {10.1002/9780470015902.a0000436.pub3},
  langid    = {en},
  note      = {{\_}eprint: https://onlinelibrary.wiley.com/doi/pdf/10.1002/9780470015902.a0000436.pub3
               DOI: 10.1002/9780470015902.a0000436.pub3},
  publisher = {John Wiley \& Sons, Ltd},
  title     = {Virus Evolution},
  url       = {https://onlinelibrary.wiley.com/doi/abs/10.1002/9780470015902.a0000436.pub3},
  year      = {2014}
}

@article{drescherTreatmentNaiveIndividualsAre2014,
  author  = {Drescher, Sara M. and von Wyl, Viktor and Yang, Wan-Lin and {Böni}, {Jürg} and Yerly, Sabine and Shah, Cyril and Aubert, Vincent and Klimkait, Thomas and {Taffé}, Patrick and Furrer, Hansjakob and Battegay, Manuel and Ambrosioni, Juan and Cavassini, Matthias and Bernasconi, Enos and Vernazza, Pietro L. and Ledergerber, Bruno and {Günthard}, Huldrych F. and Kouyos, Roger D. and the Swiss HIV Cohort Study,  and Aubert, V. and Barth, J. and Battegay, M. and Bernasconi, E. and {Böni}, J. and Bucher, H. C. and Burton-Jeangros, C. and Calmy, A. and Cavassini, M. and Egger, M. and Elzi, L. and Fehr, J. and Fellay, J. and Furrer, H. and Fux, C. A. and Gorgievski, M. and {Günthard}, H. and Haerry, D. and Hasse, B. and Hirsch, H. H. and {Hösli}, I. and Kahlert, C. and Kaiser, L. and Keiser, O. and Klimkait, T. and Kovari, H. and Kouyos, R. and Ledergerber, B. and Martinetti, G. and Martinez de Tejada, B. and Metzner, K. and {Müller}, N. and Nadal, D. and Pantaleo, G. and Rauch, A. and Regenass, S. and Rickenbach, M. and Rudin, C. and Schmid, P. and Schultze, D. and {Schöni-Affolter}, F. and {Schüpbach}, J. and Speck, R. and Staehelin, C. and Tarr, P. and Telenti, A. and Trkola, A. and Vernazza, P. and Weber, R. and Yerly, S.},
  date    = {2014-01-15},
  doi     = {10.1093/cid/cit694},
  journal = {Clinical Infectious Diseases},
  month   = {01},
  number  = {2},
  pages   = {285--294},
  title   = {Treatment-Naive Individuals Are the Major Source of Transmitted HIV-1 Drug Resistance in Men Who Have Sex With Men in the Swiss HIV Cohort Study},
  url     = {https://doi.org/10.1093/cid/cit694},
  volume  = {58},
  year    = {2014}
}

@article{dustinHepatitisVirusLife2016,
  author  = {Dustin, Lynn B. and Bartolini, Barbara and Capobianchi, Maria R. and Pistello, Mauro},
  date    = {2016-10},
  doi     = {10.1016/j.cmi.2016.08.025},
  journal = {Clinical microbiology and infection : the official publication of the European Society of Clinical Microbiology and Infectious Diseases},
  month   = {10},
  note    = {PMID: 27592089
             PMCID: PMC5627509},
  number  = {10},
  pages   = {826--832},
  title   = {Hepatitis C virus: life cycle in cells, infection and host response, and analysis of molecular markers influencing the outcome of infection and response to therapy},
  url     = {https://www.ncbi.nlm.nih.gov/pmc/articles/PMC5627509/},
  volume  = {22},
  year    = {2016}
}

@article{edgarPetabasescaleSequenceAlignment2022,
  author  = {Edgar, Robert C. and Taylor, Jeff and Lin, Victor and Altman, Tomer and Barbera, Pierre and Meleshko, Dmitry and Lohr, Dan and Novakovsky, Gherman and Buchfink, Benjamin and Al-Shayeb, Basem and Banfield, Jillian F. and {de la Peña}, Marcos and Korobeynikov, Anton and Chikhi, Rayan and Babaian, Artem},
  date    = {2022-02},
  doi     = {10.1038/s41586-021-04332-2},
  journal = {Nature},
  langid  = {en},
  month   = {02},
  note    = {Number: 7895
             Publisher: Nature Publishing Group},
  number  = {7895},
  pages   = {142--147},
  title   = {Petabase-scale sequence alignment catalyses viral discovery},
  url     = {https://www.nature.com/articles/s41586-021-04332-2},
  volume  = {602},
  year    = {2022}
}

@article{eisingerHIVViralLoad2019,
  author  = {Eisinger, Robert W. and Dieffenbach, Carl W. and Fauci, Anthony S.},
  date    = {2019-02-05},
  doi     = {10.1001/jama.2018.21167},
  journal = {JAMA},
  month   = {02},
  number  = {5},
  pages   = {451--452},
  title   = {HIV Viral Load and Transmissibility of HIV Infection: Undetectable Equals Untransmittable},
  url     = {https://doi.org/10.1001/jama.2018.21167},
  volume  = {321},
  year    = {2019}
}

@misc{emaTruvada2018,
  author = {EMA, },
  date   = {2018-09-17},
  langid = {en},
  month  = {09},
  title  = {Truvada},
  url    = {https://www.ema.europa.eu/en/medicines/human/EPAR/truvada},
  year   = {2018}
}

@article{emermanHIV1VprCell1996,
  author  = {Emerman, Michael},
  date    = {1996-09-01},
  doi     = {10.1016/S0960-9822(02)00676-0},
  journal = {Current Biology},
  langid  = {en},
  month   = {09},
  number  = {9},
  pages   = {1096--1103},
  title   = {HIV-1, Vpr and the cell cycle},
  url     = {https://www.sciencedirect.com/science/article/pii/S0960982202006760},
  volume  = {6},
  year    = {1996}
}

@article{esnoufUniqueFeaturesStructure1997,
  author  = {Esnouf, R. M. and Ren, J. and Hopkins, A. L. and Ross, C. K. and Jones, E. Y. and Stammers, D. K. and Stuart, D. I.},
  date    = {1997-04-15},
  doi     = {10.1073/pnas.94.8.3984},
  journal = {Proceedings of the National Academy of Sciences of the United States of America},
  langid  = {eng},
  month   = {04},
  note    = {PMID: 9108091
             PMCID: PMC20554},
  number  = {8},
  pages   = {3984--3989},
  title   = {Unique features in the structure of the complex between HIV-1 reverse transcriptase and the bis(heteroaryl)piperazine (BHAP) U-90152 explain resistance mutations for this nonnucleoside inhibitor},
  volume  = {94},
  year    = {1997}
}

@inbook{espositoHIVIntegraseStructure1999,
  author    = {Esposito, Dominic and Craigie, Robert},
  date      = {1999-01-01},
  editor    = {Rlaramorosch, Karl and Murphy, Frederick A. and Shawn, Aaron J.},
  langid    = {en},
  month     = {01},
  note      = {tex.ids= espositoHIVIntegraseStructure1999a
               DOI: 10.1016/S0065-3527(08)60304-8},
  pages     = {319--333},
  publisher = {Academic Press},
  title     = {HIV Integrase Structure and Function},
  url       = {https://www.sciencedirect.com/science/article/pii/S0065352708603048},
  volume    = {52},
  year      = {1999}
}

@article{esteHIVEntryInhibitors2007,
  author  = {{Esté}, {José A} and Telenti, Amalio},
  date    = {2007-07-07},
  doi     = {10.1016/S0140-6736(07)61052-6},
  journal = {The Lancet},
  langid  = {en},
  month   = {07},
  number  = {9581},
  pages   = {81--88},
  title   = {HIV entry inhibitors},
  url     = {https://www.sciencedirect.com/science/article/pii/S0140673607610526},
  volume  = {370},
  year    = {2007}
}

@article{fariaEarlySpreadEpidemic2014,
  author  = {Faria, Nuno R. and Rambaut, Andrew and Suchard, Marc A. and Baele, Guy and Bedford, Trevor and Ward, Melissa J. and Tatem, Andrew J. and Sousa, {João D.} and Arinaminpathy, Nimalan and {Pépin}, Jacques and Posada, David and Peeters, Martine and Pybus, Oliver G. and Lemey, Philippe},
  date    = {2014-10-03},
  doi     = {10.1126/science.1256739},
  journal = {Science (New York, N.Y.)},
  month   = {10},
  note    = {PMID: 25278604
             PMCID: PMC4254776},
  number  = {6205},
  pages   = {56--61},
  title   = {The early spread and epidemic ignition of HIV-1 in human populations},
  url     = {https://www.ncbi.nlm.nih.gov/pmc/articles/PMC4254776/},
  volume  = {346},
  year    = {2014}
}

@article{fergusonHIV1ReplicationCycle2002,
  author  = {Ferguson, Monique R. and Rojo, Daniel R. and von Lindern, Jana J. and {O'Brien}, William A.},
  date    = {2002-09},
  doi     = {10.1016/s0272-2712(02)00015-x},
  journal = {Clinics in Laboratory Medicine},
  langid  = {eng},
  month   = {09},
  note    = {PMID: 12244589},
  number  = {3},
  pages   = {611--635},
  title   = {HIV-1 replication cycle},
  volume  = {22},
  year    = {2002}
}

@inbook{ferminVirusesProkaryotesProtozoa2018,
  author = {Fermin, Gustavo and Mazumdar-Leighton, Sudeshna and Tennant, Paula},
  date   = {2018},
  note   = {Publisher: Academic Press},
  pages  = {217},
  title  = {Viruses of prokaryotes, protozoa, fungi, and chromista},
  year   = {2018}
}

@article{fischlEfficacyAzidothymidineAZT1987,
  author  = {Fischl, Margaret A. and Richman, Douglas D. and Grieco, Michael H. and Gottlieb, Michael S. and Volberding, Paul A. and Laskin, Oscar L. and Leedom, John M. and Groopman, Jerome E. and Mildvan, Donna and Schooley, Robert T. and Jackson, George G. and Durack, David T. and King, Dannie},
  date    = {1987-07-23},
  doi     = {10.1056/NEJM198707233170401},
  journal = {New England Journal of Medicine},
  month   = {07},
  note    = {Publisher: Massachusetts Medical Society
             {\_}eprint: https://doi.org/10.1056/NEJM198707233170401
             PMID: 3299089},
  number  = {4},
  pages   = {185--191},
  title   = {The Efficacy of Azidothymidine (AZT) in the Treatment of Patients with AIDS and AIDS-Related Complex},
  url     = {https://doi.org/10.1056/NEJM198707233170401},
  volume  = {317},
  year    = {1987}
}

@article{fletcherEnfuvirtideNewDrug2003,
  author  = {Fletcher, Courtney V},
  date    = {2003-05-10},
  doi     = {10.1016/S0140-6736(03)13323-5},
  journal = {The Lancet},
  langid  = {en},
  month   = {05},
  number  = {9369},
  pages   = {1577--1578},
  title   = {Enfuvirtide, a new drug for HIV infection},
  url     = {https://www.sciencedirect.com/science/article/pii/S0140673603133235},
  volume  = {361},
  year    = {2003}
}

@article{forsytheTwentyYearsAntiretroviral2019,
  author  = {Forsythe, Steven S. and McGreevey, William and Whiteside, Alan and Shah, Maunank and Cohen, Joshua and Hecht, Robert and Bollinger, Lori A. and Kinghorn, Anthony},
  date    = {2019-07},
  doi     = {10.1377/hlthaff.2018.05391},
  journal = {Health Affairs},
  month   = {07},
  note    = {Publisher: Health Affairs},
  number  = {7},
  pages   = {1163--1172},
  title   = {Twenty Years Of Antiretroviral Therapy For People Living With HIV: Global Costs, Health Achievements, Economic Benefits},
  url     = {https://www.healthaffairs.org/doi/10.1377/hlthaff.2018.05391},
  volume  = {38},
  year    = {2019}
}

@article{forterreOriginViruses2009,
  author  = {Forterre, Patrick and Prangishvili, David},
  date    = {2009-09-01},
  doi     = {10.1016/j.resmic.2009.07.008},
  journal = {Research in Microbiology},
  langid  = {en},
  month   = {09},
  number  = {7},
  pages   = {466--472},
  series  = {Special issue on the origin of life and microbiology},
  title   = {The origin of viruses},
  url     = {https://www.sciencedirect.com/science/article/pii/S0923250809001065},
  volume  = {160},
  year    = {2009}
}

@article{forterreOriginVirusesTheir2006,
  author  = {Forterre, Patrick},
  date    = {2006-04-01},
  doi     = {10.1016/j.virusres.2006.01.010},
  journal = {Virus Research},
  langid  = {en},
  month   = {04},
  number  = {1},
  pages   = {5--16},
  series  = {Comparative Genomics and Evolution of Complex Viruses},
  title   = {The origin of viruses and their possible roles in major evolutionary transitions},
  url     = {https://www.sciencedirect.com/science/article/pii/S0168170206000293},
  volume  = {117},
  year    = {2006}
}

@article{fossenSolutionStructureHuman2005,
  author  = {Fossen, Torgils and Wray, Victor and Bruns, Karsten and Rachmat, Judhi and Henklein, Peter and Tessmer, Uwe and Maczurek, Annette and Klinger, Patricia and Schubert, Ulrich},
  date    = {2005-12-30},
  doi     = {10.1074/jbc.M507375200},
  journal = {Journal of Biological Chemistry},
  langid  = {English},
  month   = {12},
  note    = {Publisher: Elsevier
             PMID: 16234236},
  number  = {52},
  pages   = {42515--42527},
  title   = {Solution Structure of the Human Immunodeficiency Virus Type 1 p6 Protein *},
  url     = {https://www.jbc.org/article/S0021-9258(19)47854-X/abstract},
  volume  = {280},
  year    = {2005}
}

@article{franckiPlantVirusSatellites,
  author  = {Francki, R.I.B.},
  journal = {ANNUAL REVIEW OF MICROBIOLOGY},
  note    = {tex.ids= franckiPlantVirusSatellites, franckiPlantVirusSatellitesa
             tex.recid: 10193
             place: 1985},
  number  = {RESEARCH},
  title   = {Plant virus satellites},
  url     = {http://worldveg.tind.io/record/10193}
}

@article{frankelHIV1FifteenProteins1998,
  author  = {Frankel, A. D. and Young, J. A.},
  date    = {1998},
  doi     = {10.1146/annurev.biochem.67.1.1},
  journal = {Annual Review of Biochemistry},
  langid  = {eng},
  note    = {PMID: 9759480},
  pages   = {1--25},
  title   = {HIV-1: fifteen proteins and an RNA},
  volume  = {67},
  year    = {1998}
}

@article{freedHIV1Replication2001,
  author  = {Freed, Eric O.},
  date    = {2001-11-01},
  doi     = {10.1023/A:1021070512287},
  journal = {Somatic Cell and Molecular Genetics},
  langid  = {en},
  month   = {11},
  number  = {1},
  pages   = {13--33},
  title   = {HIV-1 Replication},
  url     = {https://doi.org/10.1023/A:1021070512287},
  volume  = {26},
  year    = {2001}
}

@article{gaiaZamilonNovelVirophage2014,
  author  = {Gaia, Morgan and Benamar, Samia and Boughalmi, Mondher and Pagnier, Isabelle and Croce, Olivier and Colson, Philippe and Raoult, Didier and Scola, Bernard La},
  date    = {2014-04-18},
  doi     = {10.1371/journal.pone.0094923},
  journal = {PLOS ONE},
  langid  = {en},
  month   = {04},
  note    = {Publisher: Public Library of Science},
  number  = {4},
  pages   = {e94923},
  title   = {Zamilon, a Novel Virophage with Mimiviridae Host Specificity},
  url     = {https://journals.plos.org/plosone/article?id=10.1371/journal.pone.0094923},
  volume  = {9},
  year    = {2014}
}

@article{galloIsolationHumanTcell1983,
  author  = {Gallo, R. C. and Sarin, P. S. and Gelmann, E. P. and Robert-Guroff, M. and Richardson, E. and Kalyanaraman, V. S. and Mann, D. and Sidhu, G. D. and Stahl, R. E. and Zolla-Pazner, S. and Leibowitch, J. and Popovic, M.},
  date    = {1983-05-20},
  doi     = {10.1126/science.6601823},
  journal = {Science (New York, N.Y.)},
  langid  = {eng},
  month   = {05},
  note    = {PMID: 6601823},
  number  = {4599},
  pages   = {865--867},
  title   = {Isolation of human T-cell leukemia virus in acquired immune deficiency syndrome (AIDS)},
  volume  = {220},
  year    = {1983}
}

@article{gaoHumanInfectionGenetically1992,
  author  = {Gao, Feng and Yue, Ling and White, Albert T. and Pappas, Peter G. and Barchue, Joseph and Hanson, Aloysius P. and Greene, Bruce M. and Sharp, Paul M. and Shaw, George M. and Hahn, Beatrice H.},
  date    = {1992-08},
  doi     = {10.1038/358495a0},
  journal = {Nature},
  langid  = {en},
  month   = {08},
  note    = {Number: 6386
             Publisher: Nature Publishing Group},
  number  = {6386},
  pages   = {495--499},
  title   = {Human infection by genetically diverse SIVSM-related HIV-2 in West Africa},
  url     = {https://www.nature.com/articles/358495a0},
  volume  = {358},
  year    = {1992}
}

@article{gaoOriginHIV1Chimpanzee1999,
  author  = {Gao, Feng and Bailes, Elizabeth and Robertson, David L. and Chen, Yalu and Rodenburg, Cynthia M. and Michael, Scott F. and Cummins, Larry B. and Arthur, Larry O. and Peeters, Martine and Shaw, George M. and Sharp, Paul M. and Hahn, Beatrice H.},
  date    = {1999-02},
  doi     = {10.1038/17130},
  journal = {Nature},
  langid  = {en},
  month   = {02},
  note    = {Number: 6718
             Publisher: Nature Publishing Group},
  number  = {6718},
  pages   = {436--441},
  title   = {Origin of HIV-1 in the chimpanzee Pan troglodytes troglodytes},
  url     = {https://www.nature.com/articles/17130},
  volume  = {397},
  year    = {1999}
}

@article{gibasDrugResistanceHIV2019,
  author  = {Gibas, Kevin M. and van den Berg, Polly and Powell, Victoria E. and Krakower, Douglas S.},
  date    = {2019-04-01},
  doi     = {10.1007/s40265-019-01108-x},
  journal = {Drugs},
  langid  = {en},
  month   = {04},
  number  = {6},
  pages   = {609--619},
  title   = {Drug Resistance During HIV Pre-Exposure Prophylaxis},
  url     = {https://doi.org/10.1007/s40265-019-01108-x},
  volume  = {79},
  year    = {2019}
}

@article{gilbert2003,
  author  = {Gilbert, Peter B. and McKeague, Ian W. and Eisen, Geoffrey and Mullins, Christopher and {Guéye{-}NDiaye}, Aissatou and Mboup, Souleymane and Kanki, Phyllis J.},
  date    = {2003-02-28},
  doi     = {10.1002/sim.1342},
  journal = {Statistics in Medicine},
  langid  = {en},
  month   = {02},
  number  = {4},
  pages   = {573--593},
  title   = {Comparison of HIV-1 and HIV-2 infectivity from a prospective cohort study in Senegal},
  url     = {https://onlinelibrary.wiley.com/doi/abs/10.1002/sim.1342},
  volume  = {22},
  year    = {2003}
}

@misc{GlobalHIVAIDS,
  langid = {en},
  title  = {Global HIV \& AIDS statistics {\textemdash} Fact sheet},
  url    = {https://www.unaids.org/en/resources/fact-sheet}
}

@article{goodsellIllustrateSoftwareBiomolecular2019,
  author  = {Goodsell, David S. and Autin, Ludovic and Olson, Arthur J.},
  date    = {2019-11-05},
  doi     = {10.1016/j.str.2019.08.011},
  journal = {Structure (London, England: 1993)},
  langid  = {eng},
  month   = {11},
  note    = {PMID: 31519398
             PMCID: PMC6834899},
  number  = {11},
  pages   = {1716--1720.e1},
  title   = {Illustrate: Software for Biomolecular Illustration},
  volume  = {27},
  year    = {2019}
}

@article{gottlingerEffectMutationsAffecting1991,
  author  = {{Göttlinger}, H G and Dorfman, T and Sodroski, J G and Haseltine, W A},
  date    = {1991-04-15},
  doi     = {10.1073/pnas.88.8.3195},
  journal = {Proceedings of the National Academy of Sciences},
  month   = {04},
  note    = {Publisher: Proceedings of the National Academy of Sciences},
  number  = {8},
  pages   = {3195--3199},
  title   = {Effect of mutations affecting the p6 gag protein on human immunodeficiency virus particle release.},
  url     = {https://www.pnas.org/doi/abs/10.1073/pnas.88.8.3195},
  volume  = {88},
  year    = {1991}
}

@article{gougeonDirectIndirectMechanisms1993,
  author  = {Gougeon, M. L. and Laurent-Crawford, A. G. and Hovanessian, A. G. and Montagnier, L.},
  date    = {1993-06-01},
  doi     = {10.1006/smim.1993.1022},
  journal = {Seminars in Immunology},
  langid  = {en},
  month   = {06},
  number  = {3},
  pages   = {187--194},
  title   = {Direct and indirect mechanisms mediating apoptosis during HIV infection: contribution to in vivo CD4 T cell depletion},
  url     = {https://www.sciencedirect.com/science/article/pii/S1044532383710225},
  volume  = {5},
  year    = {1993}
}

@article{grantPreexposureChemoprophylaxisHIV2010,
  author  = {Grant, Robert M. and Lama, Javier R. and Anderson, Peter L. and McMahan, Vanessa and Liu, Albert Y. and Vargas, Lorena and Goicochea, Pedro and {Casapía}, {Martín} and Guanira-Carranza, Juan Vicente and Ramirez-Cardich, Maria E. and Montoya-Herrera, Orlando and {Fernández}, Telmo and Veloso, Valdilea G. and Buchbinder, Susan P. and Chariyalertsak, Suwat and Schechter, Mauro and Bekker, Linda-Gail and Mayer, Kenneth H. and {Kallás}, Esper Georges and Amico, K. Rivet and Mulligan, Kathleen and Bushman, Lane R. and Hance, Robert J. and Ganoza, Carmela and Defechereux, Patricia and Postle, Brian and Wang, Furong and McConnell, J. Jeff and Zheng, Jia-Hua and Lee, Jeanny and Rooney, James F. and Jaffe, Howard S. and Martinez, Ana I. and Burns, David N. and Glidden, David V.},
  date    = {2010-12-30},
  doi     = {10.1056/NEJMoa1011205},
  journal = {New England Journal of Medicine},
  month   = {12},
  note    = {Publisher: Massachusetts Medical Society
             {\_}eprint: https://doi.org/10.1056/NEJMoa1011205
             PMID: 21091279},
  number  = {27},
  pages   = {2587--2599},
  title   = {Preexposure Chemoprophylaxis for HIV Prevention in Men Who Have Sex with Men},
  url     = {https://doi.org/10.1056/NEJMoa1011205},
  volume  = {363},
  year    = {2010}
}

@article{griffithsEndogenousRetrovirusesHuman2001,
  author  = {Griffiths, David J.},
  date    = {2001-06-05},
  doi     = {10.1186/gb-2001-2-6-reviews1017},
  journal = {Genome Biology},
  langid  = {en},
  month   = {06},
  number  = {6},
  pages   = {reviews1017.1},
  title   = {Endogenous retroviruses in the human genome sequence},
  url     = {https://doi.org/10.1186/gb-2001-2-6-reviews1017},
  volume  = {2},
  year    = {2001}
}

@article{gulickTreatmentIndinavirZidovudine1997,
  author  = {Gulick, R. M. and Mellors, J. W. and Havlir, D. and Eron, J. J. and Gonzalez, C. and McMahon, D. and Richman, D. D. and Valentine, F. T. and Jonas, L. and Meibohm, A. and Emini, E. A. and Chodakewitz, J. A.},
  date    = {1997-09-11},
  doi     = {10.1056/NEJM199709113371102},
  journal = {The New England Journal of Medicine},
  langid  = {eng},
  month   = {09},
  note    = {PMID: 9287228},
  number  = {11},
  pages   = {734--739},
  title   = {Treatment with indinavir, zidovudine, and lamivudine in adults with human immunodeficiency virus infection and prior antiretroviral therapy},
  volume  = {337},
  year    = {1997}
}

@inbook{gulnikHIVProteaseEnzyme2000,
  author    = {Gulnik, Sergei and Erickson, John W. and Xie, Dong},
  date      = {2000-01-01},
  doi       = {10.1016/S0083-6729(00)58026-1},
  langid    = {en},
  month     = {01},
  note      = {DOI: 10.1016/S0083-6729(00)58026-1},
  pages     = {213--256},
  publisher = {Academic Press},
  title     = {HIV protease: Enzyme function and drug resistance},
  url       = {https://www.sciencedirect.com/science/article/pii/S0083672900580261},
  volume    = {58},
  year      = {2000}
}

@article{hamelTwentyYearsProspective2007,
  author  = {Hamel, Donald J. and {Sankalé}, Jean-Louis and Eisen, Geoffrey and Meloni, Seema Thakore and Mullins, Christopher and Gueye-Ndiaye, Aissatou and Mboup, Souleymane and Kanki, Phyllis J.},
  date    = {2007-10},
  doi     = {10.1089/aid.2007.0037},
  journal = {AIDS research and human retroviruses},
  langid  = {eng},
  month   = {10},
  note    = {PMID: 17961103},
  number  = {10},
  pages   = {1189--1196},
  title   = {Twenty years of prospective molecular epidemiology in Senegal: changes in HIV diversity},
  volume  = {23},
  year    = {2007}
}

@article{hemelaarGlobalTrendsMolecular2011,
  author  = {Hemelaar, Joris and Gouws, Eleanor and Ghys, Peter D. and Osmanov, Saladin},
  date    = {2011-03-13},
  doi     = {10.1097/QAD.0b013e328342ff93},
  journal = {AIDS (London, England)},
  month   = {03},
  note    = {PMID: 21297424
             PMCID: PMC3755761},
  number  = {5},
  pages   = {679--689},
  title   = {Global trends in molecular epidemiology of HIV-1 during 2000{\textendash}2007},
  url     = {https://www.ncbi.nlm.nih.gov/pmc/articles/PMC3755761/},
  volume  = {25},
  year    = {2011}
}

@article{hemelaarOriginDiversityHIV12012,
  author  = {Hemelaar, Joris},
  date    = {2012-03-01},
  doi     = {10.1016/j.molmed.2011.12.001},
  journal = {Trends in Molecular Medicine},
  langid  = {en},
  month   = {03},
  number  = {3},
  pages   = {182--192},
  title   = {The origin and diversity of the HIV-1 pandemic},
  url     = {https://www.sciencedirect.com/science/article/pii/S1471491411002103},
  volume  = {18},
  year    = {2012}
}

@article{hernandezViruscellCellcellFusion1996,
  author  = {Hernandez, L. D. and Hoffman, L. R. and Wolfsberg, T. G. and White, J. M.},
  date    = {1996},
  doi     = {10.1146/annurev.cellbio.12.1.627},
  journal = {Annual Review of Cell and Developmental Biology},
  langid  = {eng},
  note    = {tex.ids= hernandezVIRUSCELLCELLCELLFUSION1996
             PMID: 8970739},
  pages   = {627--661},
  title   = {Virus-cell and cell-cell fusion},
  volume  = {12},
  year    = {1996}
}

@article{hertogsRapidMethodSimultaneous1998,
  author  = {Hertogs, Kurt and {de Béthune}, Marie-Pierre and Miller, Veronica and Ivens, Tania and Schel, Patricia and Van Cauwenberge, Anja and Van den Eynde, Christel and van Gerwen, Veerle and Azijn, Hilde and van Houtte, Margriet and Peeters, Frank and Staszewski, Schlomo and Conant, Marcus and Bloor, Stuart and Kemp, Sharon and Larder, Brendan and Pauwels, Rudi},
  date    = {1998-02},
  doi     = {10.1128/AAC.42.2.269},
  journal = {Antimicrobial Agents and Chemotherapy},
  month   = {02},
  note    = {Publisher: American Society for Microbiology},
  number  = {2},
  pages   = {269--276},
  title   = {A Rapid Method for Simultaneous Detection of Phenotypic Resistance to Inhibitors of Protease and Reverse Transcriptase in Recombinant Human Immunodeficiency Virus Type 1 Isolates from Patients Treated with Antiretroviral Drugs},
  url     = {https://journals.asm.org/doi/full/10.1128/AAC.42.2.269},
  volume  = {42},
  year    = {1998}
}

@article{hirschAfricanPrimateLentivirus1989,
  author  = {Hirsch, Vanessa M. and Olmsted, Robert A. and Murphey-Corb, Michael and Purcell, Robert H. and Johnson, Philip R.},
  date    = {1989-06},
  doi     = {10.1038/339389a0},
  journal = {Nature},
  langid  = {en},
  month   = {06},
  note    = {Number: 6223
             Publisher: Nature Publishing Group},
  number  = {6223},
  pages   = {389--392},
  title   = {An African primate lentivirus (SIVsmclosely related to HIV-2},
  url     = {https://www.nature.com/articles/339389a0},
  volume  = {339},
  year    = {1989}
}

@misc{HIVCirculatingRecombinant,
  title = {HIV Circulating Recombinant Forms (CRFs)},
  url   = {https://www.hiv.lanl.gov/content/sequence/HIV/CRFs/CRFs.html}
}

@article{hladikSettingStageHost2008,
  author  = {Hladik, Florian and McElrath, M. Juliana},
  date    = {2008-06},
  doi     = {10.1038/nri2302},
  journal = {Nature Reviews Immunology},
  langid  = {en},
  month   = {06},
  note    = {Number: 6
             Publisher: Nature Publishing Group},
  number  = {6},
  pages   = {447--457},
  title   = {Setting the stage: host invasion by HIV},
  url     = {https://www.nature.com/articles/nri2302},
  volume  = {8},
  year    = {2008}
}

@article{hopeViralRNAExport1997,
  author  = {Hope, Thomas J.},
  date    = {1997-05-01},
  doi     = {10.1016/S1074-5521(97)90124-1},
  journal = {Chemistry \& Biology},
  langid  = {en},
  month   = {05},
  number  = {5},
  pages   = {335--344},
  title   = {Viral RNA export},
  url     = {https://www.sciencedirect.com/science/article/pii/S1074552197901241},
  volume  = {4},
  year    = {1997}
}

@article{hornakHIV1ProteaseFlaps2006,
  author  = {Hornak, Viktor and Okur, Asim and Rizzo, Robert C. and Simmerling, Carlos},
  date    = {2006-01-24},
  doi     = {10.1073/pnas.0508452103},
  journal = {Proceedings of the National Academy of Sciences},
  month   = {01},
  note    = {Publisher: Proceedings of the National Academy of Sciences},
  number  = {4},
  pages   = {915--920},
  title   = {HIV-1 protease flaps spontaneously open and reclose in molecular dynamics simulations},
  url     = {https://www.pnas.org/doi/10.1073/pnas.0508452103},
  volume  = {103},
  year    = {2006}
}

@article{huangP6GagRequiredParticle1995,
  author  = {Huang, M and Orenstein, J M and Martin, M A and Freed, E O},
  date    = {1995-11},
  doi     = {10.1128/jvi.69.11.6810-6818.1995},
  journal = {Journal of Virology},
  month   = {11},
  note    = {Publisher: American Society for Microbiology},
  number  = {11},
  pages   = {6810--6818},
  title   = {p6Gag is required for particle production from full-length human immunodeficiency virus type 1 molecular clones expressing protease},
  url     = {https://journals.asm.org/doi/abs/10.1128/jvi.69.11.6810-6818.1995},
  volume  = {69},
  year    = {1995}
}

@article{hughesHepatitisDeltaVirus2011,
  author  = {Hughes, Sarah A and Wedemeyer, Heiner and Harrison, Phillip M},
  date    = {2011-07-02},
  doi     = {10.1016/S0140-6736(10)61931-9},
  journal = {The Lancet},
  langid  = {en},
  month   = {07},
  number  = {9785},
  pages   = {73--85},
  title   = {Hepatitis delta virus},
  url     = {https://www.sciencedirect.com/science/article/pii/S0140673610619319},
  volume  = {378},
  year    = {2011}
}

@article{hurtPreexposureProphylaxisAntiretroviral2011,
  author  = {Hurt, Christopher B. and Eron, Joseph J. and Cohen, Myron S.},
  date    = {2011-12},
  doi     = {10.1093/cid/cir684},
  journal = {Clinical Infectious Diseases: An Official Publication of the Infectious Diseases Society of America},
  langid  = {eng},
  month   = {12},
  note    = {PMID: 21976467
             PMCID: PMC3246871},
  number  = {12},
  pages   = {1265--1270},
  title   = {Pre-exposure prophylaxis and antiretroviral resistance: HIV prevention at a cost?},
  volume  = {53},
  year    = {2011}
}

@article{johnsonUpdateDrugResistance2016,
  author  = {Johnson, Victoria A. and Calvez, Vincent and {Günthard}, Huldrych F. and Paredes, Roger and Pillay, Deenan and Shafer, Robert W. and Wensing, Annemarie M. and Richman, Douglas D.},
  date    = {2016-11-28},
  journal = {Topics in Antiviral Medicine},
  month   = {11},
  note    = {PMID: 23596273
             PMCID: PMC6148891},
  number  = {1},
  pages   = {6--7},
  title   = {Update of the Drug Resistance Mutations in HIV-1: March 2013},
  url     = {https://www.ncbi.nlm.nih.gov/pmc/articles/PMC6148891/},
  volume  = {21},
  year    = {2016}
}

@article{jonesControlRnaInitiation1994,
  author  = {Jones, Ka and Peterlin, Bm},
  date    = {1994},
  doi     = {10.1146/annurev.bi.63.070194.003441},
  journal = {Annual Review of Biochemistry},
  langid  = {English},
  note    = {Place: Palo Alto
             Publisher: Annual Reviews
             WOS:A1994NV05900021},
  pages   = {717--743},
  title   = {Control of Rna Initiation and Elongation at the Hiv-1 Promoter},
  url     = {https://www.annualreviews.org/doi/10.1146/annurev.bi.63.070194.003441},
  volume  = {63},
  year    = {1994}
}

@article{kadajaPapillomavirusDNAReplication2009,
  author  = {Kadaja, Meelis and Silla, Toomas and Ustav, Ene and Ustav, Mart},
  date    = {2009-02-20},
  doi     = {10.1016/j.virol.2008.11.032},
  journal = {Virology},
  langid  = {en},
  month   = {02},
  number  = {2},
  pages   = {360--368},
  series  = {Small Viruses, Big Discoveries: The Interwoven Story of the Small DNA Tumor Viruses},
  title   = {Papillomavirus DNA replication {\textemdash} From initiation to genomic instability},
  url     = {https://www.sciencedirect.com/science/article/pii/S0042682208007691},
  volume  = {384},
  year    = {2009}
}

@article{katzensteinPhenotypicSusceptibilityVirological2003,
  author  = {Katzenstein, David A. and Bosch, Ronald J. and Hellmann, Nicholas and Wang, Nan and Bacheler, Lee and Albrecht, Mary A. and Team, for the ACTG 364 Study},
  date    = {2003-04-11},
  journal = {AIDS},
  langid  = {canadian},
  month   = {04},
  number  = {6},
  pages   = {821{\textendash}830},
  title   = {Phenotypic susceptibility and virological outcome in nucleoside-experienced patients receiving three or four antiretroviral drugs},
  url     = {https://journals.lww.com/aidsonline/Fulltext/2003/04110/A_randomized_trial_assessing_the_impact_of.00007.aspx},
  volume  = {17},
  year    = {2003}
}

@article{kayHepatitisVirusGenetic2007,
  author  = {Kay, Alan and Zoulim, Fabien},
  date    = {2007-08-01},
  doi     = {10.1016/j.virusres.2007.02.021},
  journal = {Virus Research},
  langid  = {en},
  month   = {08},
  number  = {2},
  pages   = {164--176},
  series  = {Replicative and Evolutionary Aspects of Hepatitis Viruses},
  title   = {Hepatitis B virus genetic variability and evolution},
  url     = {https://www.sciencedirect.com/science/article/pii/S0168170207000615},
  volume  = {127},
  year    = {2007}
}

@article{khanRoleViralProtein2021,
  author  = {Khan, Nabab and Geiger, Jonathan D.},
  date    = {2021-07-27},
  doi     = {10.3390/v13081466},
  journal = {Viruses},
  month   = {07},
  note    = {PMID: 34452331
             PMCID: PMC8402909},
  number  = {8},
  pages   = {1466},
  title   = {Role of Viral Protein U (Vpu) in HIV-1 Infection and Pathogenesis},
  url     = {https://www.ncbi.nlm.nih.gov/pmc/articles/PMC8402909/},
  volume  = {13},
  year    = {2021}
}

@article{kilbyNovelTherapiesBased2003,
  author  = {Kilby, J. Michael and Eron, Joseph J.},
  date    = {2003-05-29},
  doi     = {10.1056/NEJMra022812},
  journal = {New England Journal of Medicine},
  month   = {05},
  note    = {Publisher: Massachusetts Medical Society},
  number  = {22},
  pages   = {2228--2238},
  title   = {Novel Therapies Based on Mechanisms of HIV-1 Cell Entry},
  url     = {https://www.nejm.org/doi/10.1056/NEJMra022812},
  volume  = {348},
  year    = {2003}
}

@article{knoxMultidrugResistantHIV1Infection2017,
  author  = {Knox, David C. and Anderson, Peter L. and Harrigan, P. Richard and Tan, Darrell H.S.},
  date    = {2017-02-02},
  doi     = {10.1056/NEJMc1611639},
  journal = {New England Journal of Medicine},
  month   = {02},
  note    = {Publisher: Massachusetts Medical Society},
  number  = {5},
  pages   = {501--502},
  title   = {Multidrug-Resistant HIV-1 Infection despite Preexposure Prophylaxis},
  url     = {https://www.nejm.org/doi/10.1056/NEJMc1611639},
  volume  = {376},
  year    = {2017}
}

@article{kojimaViruslikeInsertionsSequence2021,
  author  = {Kojima, Shohei and Yoshikawa, Kohei and Ito, Jumpei and Nakagawa, So and Parrish, Nicholas F. and Horie, Masayuki and Kawano, Shuichi and Tomonaga, Keizo},
  date    = {2021-02-02},
  doi     = {10.1073/pnas.2010758118},
  journal = {Proceedings of the National Academy of Sciences},
  month   = {02},
  note    = {Publisher: Proceedings of the National Academy of Sciences},
  number  = {5},
  pages   = {e2010758118},
  title   = {Virus-like insertions with sequence signatures similar to those of endogenous nonretroviral RNA viruses in the human genome},
  url     = {https://www.pnas.org/doi/10.1073/pnas.2010758118},
  volume  = {118},
  year    = {2021}
}

@article{kooninBaltimoreClassificationViruses2021,
  author  = {Koonin, Eugene V. and Krupovic, Mart and Agol, Vadim I.},
  date    = {2021-08-18},
  doi     = {10.1128/MMBR.00053-21},
  journal = {Microbiology and Molecular Biology Reviews},
  month   = {08},
  note    = {Publisher: American Society for Microbiology},
  number  = {3},
  pages   = {e00053--21},
  title   = {The Baltimore Classification of Viruses 50 Years Later: How Does It Stand in the Light of Virus Evolution?},
  url     = {https://journals.asm.org/doi/full/10.1128/MMBR.00053-21},
  volume  = {85},
  year    = {2021}
}

@article{korberTimingAncestorHIV12000,
  author  = {Korber, B. and Muldoon, M. and Theiler, J. and Gao, F. and Gupta, R. and Lapedes, A. and Hahn, B. H. and Wolinsky, S. and Bhattacharya, T.},
  date    = {2000-06-09},
  doi     = {10.1126/science.288.5472.1789},
  journal = {Science (New York, N.Y.)},
  langid  = {eng},
  month   = {06},
  note    = {PMID: 10846155},
  number  = {5472},
  pages   = {1789--1796},
  title   = {Timing the ancestor of the HIV-1 pandemic strains},
  volume  = {288},
  year    = {2000}
}

@article{kuhnertQuantifyingFitnessCost2018,
  author  = {{Kühnert}, Denise and Kouyos, Roger and Shirreff, George and {Pe{\v{c}}erska}, {J{\={u}}lija} and Scherrer, Alexandra U. and {Böni}, {Jürg} and Yerly, Sabine and Klimkait, Thomas and Aubert, Vincent and {Günthard}, Huldrych F. and Stadler, Tanja and Bonhoeffer, Sebastian and Study, the Swiss HIV Cohort},
  date    = {2018-02-20},
  doi     = {10.1371/journal.ppat.1006895},
  journal = {PLOS Pathogens},
  langid  = {en},
  month   = {02},
  note    = {Publisher: Public Library of Science},
  number  = {2},
  pages   = {e1006895},
  title   = {Quantifying the fitness cost of HIV-1 drug resistance mutations through phylodynamics},
  url     = {https://journals.plos.org/plospathogens/article?id=10.1371/journal.ppat.1006895},
  volume  = {14},
  year    = {2018}
}

@article{kuikenHIVSequenceDatabases2003,
  author  = {Kuiken, Carla and Korber, Bette and Shafer, Robert W.},
  date    = {2003},
  journal = {AIDS reviews},
  note    = {PMID: 12875108
             PMCID: PMC2613779},
  number  = {1},
  pages   = {52--61},
  title   = {HIV Sequence Databases},
  url     = {https://www.ncbi.nlm.nih.gov/pmc/articles/PMC2613779/},
  volume  = {5},
  year    = {2003}
}

@article{kurtyilmazImprovingViralProtease2016,
  author  = {Kurt Yilmaz, Nese and Swanstrom, Ronald and Schiffer, Celia A.},
  date    = {2016-07-01},
  doi     = {10.1016/j.tim.2016.03.010},
  journal = {Trends in Microbiology},
  langid  = {en},
  month   = {07},
  number  = {7},
  pages   = {547--557},
  title   = {Improving Viral Protease Inhibitors to Counter Drug Resistance},
  url     = {https://www.sciencedirect.com/science/article/pii/S0966842X16300026},
  volume  = {24},
  year    = {2016}
}

@article{laiMolecularBiologyHepatitis1995,
  author  = {Lai, M. M.},
  date    = {1995-01-01},
  doi     = {10.1146/annurev.bi.64.070195.001355},
  journal = {Annual review of biochemistry},
  langid  = {eng},
  month   = {01},
  note    = {PMID: 7574482},
  pages   = {259--286},
  title   = {The molecular biology of hepatitis delta virus},
  url     = {https://doi.org/10.1146/annurev.bi.64.070195.001355},
  volume  = {64},
  year    = {1995}
}

@article{lambVpuVprHuman1997,
  author  = {Lamb, Robert A and Pinto, Lawrence H},
  date    = {1997-03-03},
  doi     = {10.1006/viro.1997.8451},
  journal = {Virology},
  langid  = {en},
  month   = {03},
  number  = {1},
  pages   = {1--11},
  title   = {Do Vpu and Vpr of Human Immunodeficiency Virus Type 1 and NB of Influenza B Virus Have Ion Channel Activities in the Viral Life Cycles?},
  url     = {https://www.sciencedirect.com/science/article/pii/S0042682297984518},
  volume  = {229},
  year    = {1997}
}

@article{larderMultipleMutationsHIV11989,
  author  = {Larder, B. A. and Kemp, S. D.},
  date    = {1989-12-01},
  doi     = {10.1126/science.2479983},
  journal = {Science (New York, N.Y.)},
  langid  = {eng},
  month   = {12},
  note    = {PMID: 2479983},
  number  = {4934},
  pages   = {1155--1158},
  title   = {Multiple mutations in HIV-1 reverse transcriptase confer high-level resistance to zidovudine (AZT)},
  volume  = {246},
  year    = {1989}
}

@article{lefeuvreEvolutionEcologyPlant2019,
  author  = {Lefeuvre, Pierre and Martin, Darren P. and Elena, Santiago F. and Shepherd, Dionne N. and Roumagnac, Philippe and Varsani, Arvind},
  date    = {2019-10},
  doi     = {10.1038/s41579-019-0232-3},
  journal = {Nature Reviews Microbiology},
  langid  = {en},
  month   = {10},
  note    = {Number: 10
             Publisher: Nature Publishing Group},
  number  = {10},
  pages   = {632--644},
  title   = {Evolution and ecology of plant viruses},
  url     = {https://www.nature.com/articles/s41579-019-0232-3},
  volume  = {17},
  year    = {2019}
}

@article{lowerVirusesAllUs1996,
  author  = {{Löwer}, R and {Löwer}, J and R Kurth, },
  date    = {1996},
  doi     = {10.1073/pnas.93.11.5177},
  journal = {Proceedings of the National Academy of Sciences},
  note    = {tex.eprint: https://www.pnas.org/doi/pdf/10.1073/pnas.93.11.5177},
  number  = {11},
  pages   = {5177--5184},
  title   = {The viruses in all of us: characteristics and biological significance of human endogenous retrovirus sequences.},
  url     = {https://www.pnas.org/doi/abs/10.1073/pnas.93.11.5177},
  volume  = {93},
  year    = {1996}
}

@article{lwoffConceptVirus1957,
  author  = {Lwoff, A.},
  date    = {1957-10},
  doi     = {10.1099/00221287-17-2-239},
  journal = {Journal of General Microbiology},
  langid  = {eng},
  month   = {10},
  note    = {tex.ids= lwoffConceptVirus1957a
             PMID: 13481308},
  number  = {2},
  pages   = {239--253},
  title   = {The concept of virus},
  volume  = {17},
  year    = {1957}
}

@article{mangasarianMultifacetedRoleHIV1997,
  author  = {Mangasarian, A. and Trono, D.},
  date    = {1997-01-01},
  doi     = {10.1016/S0923-2516(97)81909-7},
  journal = {Research in Virology},
  langid  = {en},
  month   = {01},
  number  = {1},
  pages   = {30--33},
  title   = {The multifaceted role of HIV Nef},
  url     = {https://www.sciencedirect.com/science/article/pii/S0923251697819097},
  volume  = {148},
  year    = {1997}
}

@article{masquelierGenotypicPhenotypicResistance2001,
  author  = {Masquelier, Bernard and Race, Esther and Tamalet, Catherine and Descamps, Diane and Izopet, Jacques and Buffet-Janvresse, Claudine and Ruffault, Annick and Mohammed, Ali Si and Cottalorda, Jacqueline and Schmuck, Anne and Calvez, Vincent and Dam, Elisabeth and Fleury, {Hervé} and {Brun-Vézinet}, {Françoise} and the ANRS AC11 Resistance Study Group, },
  date    = {2001-06},
  doi     = {10.1128/AAC.45.6.1836-1842.2001},
  journal = {Antimicrobial Agents and Chemotherapy},
  month   = {06},
  note    = {Publisher: American Society for Microbiology},
  number  = {6},
  pages   = {1836--1842},
  title   = {Genotypic and Phenotypic Resistance Patterns of Human Immunodeficiency Virus Type 1 Variants with Insertions or Deletions in the Reverse Transcriptase (RT): Multicenter Study of Patients Treated with RT Inhibitors},
  url     = {https://journals.asm.org/doi/10.1128/AAC.45.6.1836-1842.2001},
  volume  = {45},
  year    = {2001}
}

@article{mccutchanGlobalEpidemiologyHIV2006,
  author  = {McCutchan, Francine E.},
  date    = {2006},
  doi     = {10.1002/jmv.20599},
  journal = {Journal of Medical Virology},
  langid  = {en},
  note    = {{\_}eprint: https://onlinelibrary.wiley.com/doi/pdf/10.1002/jmv.20599},
  number  = {S1},
  pages   = {S7--S12},
  title   = {Global epidemiology of HIV},
  url     = {https://onlinelibrary.wiley.com/doi/abs/10.1002/jmv.20599},
  volume  = {78},
  year    = {2006}
}

@article{mcgeochTopicsHerpesvirusGenomics2006,
  author  = {McGeoch, Duncan J. and Rixon, Frazer J. and Davison, Andrew J.},
  date    = {2006-04-01},
  doi     = {10.1016/j.virusres.2006.01.002},
  journal = {Virus Research},
  langid  = {en},
  month   = {04},
  number  = {1},
  pages   = {90--104},
  series  = {Comparative Genomics and Evolution of Complex Viruses},
  title   = {Topics in herpesvirus genomics and evolution},
  url     = {https://www.sciencedirect.com/science/article/pii/S0168170206000219},
  volume  = {117},
  year    = {2006}
}

@article{melhuishNaturalHistoryHIV2018,
  author  = {Melhuish, Anne and Lewthwaite, Penny},
  date    = {2018-06-01},
  doi     = {10.1016/j.mpmed.2018.03.010},
  journal = {Medicine},
  langid  = {en},
  month   = {06},
  number  = {6},
  pages   = {356--361},
  title   = {Natural history of HIV and AIDS},
  url     = {https://www.sciencedirect.com/science/article/pii/S1357303918300744},
  volume  = {46},
  year    = {2018}
}

@article{menendez-ariasMechanismsResistanceNucleoside2008,
  author  = {{Menéndez-Arias}, Luis},
  date    = {2008-06-01},
  doi     = {10.1016/j.virusres.2007.12.015},
  journal = {Virus Research},
  langid  = {en},
  month   = {06},
  number  = {1},
  pages   = {124--146},
  series  = {Retroviral Reverse Transcription},
  title   = {Mechanisms of resistance to nucleoside analogue inhibitors of HIV-1 reverse transcriptase},
  url     = {https://www.sciencedirect.com/science/article/pii/S0168170207004686},
  volume  = {134},
  year    = {2008}
}

@article{mespledeViralFitnessCost2013,
  author  = {{Mesplède}, Thibault and Quashie, Peter K. and Osman, Nathan and Han, Yingshan and Singhroy, Diane N. and Lie, Yolanda and Petropoulos, Christos J. and Huang, Wei and Wainberg, Mark A.},
  date    = {2013-02-22},
  doi     = {10.1186/1742-4690-10-22},
  journal = {Retrovirology},
  month   = {02},
  number  = {1},
  pages   = {22},
  title   = {Viral fitness cost prevents HIV-1 from evading dolutegravir drug pressure},
  url     = {https://doi.org/10.1186/1742-4690-10-22},
  volume  = {10},
  year    = {2013}
}

@article{meyerMechanismAZTResistance1999,
  author  = {Meyer, P. R. and Matsuura, S. E. and Mian, A. M. and So, A. G. and Scott, W. A.},
  date    = {1999-07},
  doi     = {10.1016/s1097-2765(00)80185-9},
  journal = {Molecular Cell},
  langid  = {eng},
  month   = {07},
  note    = {PMID: 10445025},
  number  = {1},
  pages   = {35--43},
  title   = {A mechanism of AZT resistance: an increase in nucleotide-dependent primer unblocking by mutant HIV-1 reverse transcriptase},
  volume  = {4},
  year    = {1999}
}

@article{millerGenotypicPhenotypicPredictors2004,
  author  = {Miller, Michael D. and Margot, Nicolas and Lu, Biao and Zhong, Lijie and Chen, Shan-Shan and Cheng, Andrew and Wulfsohn, Michael},
  date    = {2004-03-01},
  doi     = {10.1086/381784},
  journal = {The Journal of Infectious Diseases},
  month   = {03},
  number  = {5},
  pages   = {837--846},
  title   = {Genotypic and Phenotypic Predictors of the Magnitude of Response to Tenofovir Disoproxil Fumarate Treatment in Antiretroviral-Experienced Patients},
  url     = {https://doi.org/10.1086/381784},
  volume  = {189},
  year    = {2004}
}

@article{millerHumanImmunodeficiencyVirus1988,
  author  = {Miller, R. H.},
  date    = {1988-03-18},
  doi     = {10.1126/science.3347840},
  journal = {Science (New York, N.Y.)},
  langid  = {eng},
  month   = {03},
  note    = {PMID: 3347840},
  number  = {4846},
  pages   = {1420--1422},
  title   = {Human immunodeficiency virus may encode a novel protein on the genomic DNA plus strand},
  volume  = {239},
  year    = {1988}
}

@inbook{minorViruses2014,
  author    = {Minor, Philip D},
  date      = {2014},
  doi       = {10.1002/9780470015902.a0000441.pub3},
  langid    = {en},
  note      = {{\_}eprint: https://onlinelibrary.wiley.com/doi/pdf/10.1002/9780470015902.a0000441.pub3
               DOI: 10.1002/9780470015902.a0000441.pub3},
  publisher = {John Wiley \& Sons, Ltd},
  title     = {Viruses},
  url       = {https://onlinelibrary.wiley.com/doi/abs/10.1002/9780470015902.a0000441.pub3},
  year      = {2014}
}

@article{murrayPulmonaryComplicationsAcquired1984,
  author  = {Murray, John F. and Felton, Charles P. and Garay, Stuart M. and Gottlieb, Michael S. and Hopewell, Philip C. and Stover, Diane E. and Teirstein, Alvin S.},
  date    = {1984},
  doi     = {10.1056/NEJM198406213102529},
  journal = {New England Journal of Medicine},
  note    = {tex.eprint: https://doi.org/10.1056/NEJM198406213102529},
  number  = {25},
  pages   = {1682--1688},
  title   = {Pulmonary complications of the acquired immunodeficiency syndrome},
  url     = {https://doi.org/10.1056/NEJM198406213102529},
  volume  = {310},
  year    = {1984}
}

@article{nasirInvestigatingConceptOrigin2020,
  author  = {Nasir, Arshan and Romero-Severson, Ethan and Claverie, Jean-Michel},
  date    = {2020-12-01},
  doi     = {10.1016/j.tim.2020.08.003},
  journal = {Trends in Microbiology},
  langid  = {en},
  month   = {12},
  number  = {12},
  pages   = {959--967},
  title   = {Investigating the Concept and Origin of Viruses},
  url     = {https://www.sciencedirect.com/science/article/pii/S0966842X20302304},
  volume  = {28},
  year    = {2020}
}

@misc{OnepilladayHIVTreatments,
  langid = {en},
  title  = {One-pill-a-day HIV treatments},
  url    = {https://www.aidsmap.com/about-hiv/one-pill-day-hiv-treatments}
}

@article{palellaDecliningMorbidityMortality1998,
  author  = {Palella, Frank J. and Delaney, Kathleen M. and Moorman, Anne C. and Loveless, Mark O. and Fuhrer, Jack and Satten, Glen A. and Aschman, Diane J. and Holmberg, Scott D.},
  date    = {1998-03-26},
  doi     = {10.1056/NEJM199803263381301},
  journal = {New England Journal of Medicine},
  month   = {03},
  note    = {Publisher: Massachusetts Medical Society
             {\_}eprint: https://doi.org/10.1056/NEJM199803263381301
             PMID: 9516219},
  number  = {13},
  pages   = {853--860},
  title   = {Declining Morbidity and Mortality among Patients with Advanced Human Immunodeficiency Virus Infection},
  url     = {https://doi.org/10.1056/NEJM199803263381301},
  volume  = {338},
  year    = {1998}
}

@article{paleseNegativestrandRNAViruses1996,
  author  = {Palese, P and Zheng, H and Engelhardt, O G and Pleschka, S and {García-Sastre}, A},
  date    = {1996-10-15},
  doi     = {10.1073/pnas.93.21.11354},
  journal = {Proceedings of the National Academy of Sciences},
  month   = {10},
  note    = {Publisher: Proceedings of the National Academy of Sciences},
  number  = {21},
  pages   = {11354--11358},
  title   = {Negative-strand RNA viruses: genetic engineering and applications.},
  url     = {https://www.pnas.org/doi/abs/10.1073/pnas.93.21.11354},
  volume  = {93},
  year    = {1996}
}

@article{palmisanoBriefHistoryAntiretroviral2011,
  author  = {Palmisano, Lucia and Vella, Stefano},
  date    = {2011},
  doi     = {10.4415/ANN_11_01_10},
  journal = {Annali dell'Istituto Superiore Di Sanita},
  langid  = {eng},
  note    = {PMID: 21430338},
  number  = {1},
  pages   = {44--48},
  title   = {A brief history of antiretroviral therapy of HIV infection: success and challenges},
  volume  = {47},
  year    = {2011}
}

@article{parasharRotavirus1998,
  author  = {Parashar, U D and Bresee, J S and Gentsch, J R and Glass, R I},
  date    = {1998},
  journal = {Emerging Infectious Diseases},
  note    = {PMID: 9866732
             PMCID: PMC2640254},
  number  = {4},
  pages   = {561--570},
  title   = {Rotavirus.},
  url     = {https://www.ncbi.nlm.nih.gov/pmc/articles/PMC2640254/},
  volume  = {4},
  year    = {1998}
}

@article{pearlStructuralModelRetroviral1987,
  author  = {Pearl, Laurence H. and Taylor, William R.},
  date    = {1987-09},
  doi     = {10.1038/329351a0},
  journal = {Nature},
  langid  = {en},
  month   = {09},
  note    = {Number: 6137
             Publisher: Nature Publishing Group},
  number  = {6137},
  pages   = {351--354},
  title   = {A structural model for the retroviral proteases},
  url     = {https://www.nature.com/articles/329351a0},
  volume  = {329},
  year    = {1987}
}

@article{perez-losadaRecombinationVirusesMechanisms2015,
  author  = {{Pérez-Losada}, Marcos and Arenas, Miguel and {Galán}, Juan Carlos and Palero, Ferran and {González-Candelas}, Fernando},
  date    = {2015-03},
  doi     = {10.1016/j.meegid.2014.12.022},
  journal = {Infection, Genetics and Evolution},
  month   = {03},
  note    = {PMID: 25541518
             PMCID: PMC7106159},
  pages   = {296--307},
  title   = {Recombination in viruses: Mechanisms, methods of study, and evolutionary consequences},
  url     = {https://www.ncbi.nlm.nih.gov/pmc/articles/PMC7106159/},
  volume  = {30},
  year    = {2015}
}

@article{petropoulosNovelPhenotypicDrug2000,
  author  = {Petropoulos, Christos J. and Parkin, Neil T. and Limoli, Kay L. and Lie, Yolanda S. and Wrin, Terri and Huang, Wei and Tian, Huan and Smith, Douglas and Winslow, Genine A. and Capon, Daniel J. and Whitcomb, Jeannette M.},
  date    = {2000-04},
  doi     = {10.1128/AAC.44.4.920-928.2000},
  journal = {Antimicrobial Agents and Chemotherapy},
  month   = {04},
  note    = {Publisher: American Society for Microbiology},
  number  = {4},
  pages   = {920--928},
  title   = {A Novel Phenotypic Drug Susceptibility Assay for Human Immunodeficiency Virus Type 1},
  url     = {https://journals.asm.org/doi/full/10.1128/AAC.44.4.920-928.2000},
  volume  = {44},
  year    = {2000}
}

@article{pommierIntegraseInhibitorsTreat2005,
  author  = {Pommier, Yves and Johnson, Allison A. and Marchand, Christophe},
  date    = {2005-03},
  doi     = {10.1038/nrd1660},
  journal = {Nature Reviews Drug Discovery},
  langid  = {en},
  month   = {03},
  note    = {Number: 3
             Publisher: Nature Publishing Group},
  number  = {3},
  pages   = {236--248},
  title   = {Integrase inhibitors to treat HIV/Aids},
  url     = {https://www.nature.com/articles/nrd1660},
  volume  = {4},
  year    = {2005}
}

@article{posadaRecombinationEvolutionaryGenomics2002,
  author  = {Posada, David and Crandall, Keith A. and Holmes, Edward C.},
  date    = {2002},
  doi     = {10.1146/annurev.genet.36.040202.111115},
  journal = {Annual Review of Genetics},
  langid  = {eng},
  note    = {PMID: 12429687},
  pages   = {75--97},
  title   = {Recombination in evolutionary genomics},
  volume  = {36},
  year    = {2002}
}

@inbook{prangishviliVirusesArchaea2016,
  author    = {Prangishvili, David and Basta, Tamara and Garrett, Roger A and Krupovic, Mart},
  date      = {2016},
  doi       = {10.1002/9780470015902.a0000774.pub3},
  langid    = {en},
  note      = {{\_}eprint: https://onlinelibrary.wiley.com/doi/pdf/10.1002/9780470015902.a0000774.pub3
               DOI: 10.1002/9780470015902.a0000774.pub3},
  pages     = {1--9},
  publisher = {John Wiley \& Sons, Ltd},
  title     = {Viruses of the Archaea},
  url       = {https://onlinelibrary.wiley.com/doi/abs/10.1002/9780470015902.a0000774.pub3},
  year      = {2016}
}

@article{prangishviliVirusesArchaeaUnifying2006,
  author  = {Prangishvili, David and Forterre, Patrick and Garrett, Roger A.},
  date    = {2006-11},
  doi     = {10.1038/nrmicro1527},
  journal = {Nature Reviews Microbiology},
  langid  = {en},
  month   = {11},
  note    = {Number: 11
             Publisher: Nature Publishing Group},
  number  = {11},
  pages   = {837--848},
  title   = {Viruses of the Archaea: a unifying view},
  url     = {https://www.nature.com/articles/nrmicro1527},
  volume  = {4},
  year    = {2006}
}

@inbook{pyleChapter58Biology2017,
  address   = {Boston},
  author    = {Pyle, Jesse D. and Scholthof, Karen-Beth G.},
  date      = {2017-01-01},
  doi       = {10.1016/B978-0-12-801498-1.00058-9},
  editor    = {Hadidi, Ahmed and Flores, Ricardo and Randles, John W. and Palukaitis, Peter},
  langid    = {en},
  month     = {01},
  note      = {DOI: 10.1016/B978-0-12-801498-1.00058-9},
  pages     = {627--636},
  publisher = {Academic Press},
  title     = {Chapter 58 - Biology and Pathogenesis of Satellite Viruses},
  url       = {https://www.sciencedirect.com/science/article/pii/B9780128014981000589},
  year      = {2017}
}

@article{racanielloOneHundredYears2006,
  author  = {Racaniello, Vincent R.},
  date    = {2006-01-05},
  doi     = {10.1016/j.virol.2005.09.015},
  journal = {Virology},
  langid  = {en},
  month   = {01},
  number  = {1},
  pages   = {9--16},
  series  = {Virology 50th Anniversary Issue},
  title   = {One hundred years of poliovirus pathogenesis},
  url     = {https://www.sciencedirect.com/science/article/pii/S0042682205005830},
  volume  = {344},
  year    = {2006}
}

@article{rambautCausesConsequencesHIV2004,
  author  = {Rambaut, Andrew and Posada, David and Crandall, Keith A. and Holmes, Edward C.},
  date    = {2004-01},
  doi     = {10.1038/nrg1246},
  journal = {Nature Reviews Genetics},
  langid  = {en},
  month   = {01},
  note    = {Number: 1
             Publisher: Nature Publishing Group},
  number  = {1},
  pages   = {52--61},
  title   = {The causes and consequences of HIV evolution},
  url     = {https://www.nature.com/articles/nrg1246},
  volume  = {5},
  year    = {2004}
}

@article{raoult2megabaseGenomeSequence2004,
  author  = {Raoult, Didier and Audic, {Stéphane} and Robert, Catherine and Abergel, Chantal and Renesto, Patricia and Ogata, Hiroyuki and La Scola, Bernard and Suzan, Marie and Claverie, Jean-Michel},
  date    = {2004-11-19},
  doi     = {10.1126/science.1101485},
  journal = {Science (New York, N.Y.)},
  langid  = {eng},
  month   = {11},
  note    = {PMID: 15486256},
  number  = {5700},
  pages   = {1344--1350},
  title   = {The 1.2-megabase genome sequence of Mimivirus},
  volume  = {306},
  year    = {2004}
}

@article{richmanSusceptibilityNucleosideAnalogues1990,
  author  = {Richman, Douglas D.},
  date    = {1990-05-21},
  doi     = {10.1016/0002-9343(90)90414-9},
  journal = {The American Journal of Medicine},
  langid  = {en},
  month   = {05},
  number  = {5, Supplement 2},
  pages   = {S8--S10},
  series  = {Dideoxycydine (ddC): A Potent Antiretrovital Agent for Human Immunodeficietion Virus Infection},
  title   = {Susceptibility to nucleoside analogues of zidovudine-resistant isolates of human immunodeficiency virus},
  url     = {https://www.sciencedirect.com/science/article/pii/0002934390904149},
  volume  = {88},
  year    = {1990}
}

@article{riddellHIVPreexposureProphylaxis2018,
  author  = {Riddell, {James, IV} and Amico, K. Rivet and Mayer, Kenneth H.},
  date    = {2018-03-27},
  doi     = {10.1001/jama.2018.1917},
  journal = {JAMA},
  month   = {03},
  number  = {12},
  pages   = {1261--1268},
  title   = {HIV Preexposure Prophylaxis: A Review},
  url     = {https://doi.org/10.1001/jama.2018.1917},
  volume  = {319},
  year    = {2018}
}

@article{robertsonRecombinationAIDSViruses1995,
  author  = {Robertson, D. L. and Hahn, B. H. and Sharp, P. M.},
  date    = {1995-03},
  doi     = {10.1007/BF00163230},
  journal = {Journal of Molecular Evolution},
  langid  = {eng},
  month   = {03},
  note    = {tex.ids= robertsonRecombinationAIDSViruses1995a
             PMID: 7723052},
  number  = {3},
  pages   = {249--259},
  title   = {Recombination in AIDS viruses},
  volume  = {40},
  year    = {1995}
}

@article{robertsRationalDesignPeptideBased1990,
  author  = {Roberts, Noel A. and Martin, Joseph A. and Kinchington, Derek and Broadhurst, Anne V. and Craig, J. Charles and Duncan, Ian B. and Galpin, Sarah A. and Handa, Balraj K. and Kay, John and {Kröhn}, Antonin and Lambert, Robert W. and Merrett, John H. and Mills, John S. and Parkes, Kevin E. B. and Redshaw, Sally and Ritchie, Alison J. and Taylor, Debra L. and Thomas, Gareth J. and Machin, Peter J.},
  date    = {1990-04-20},
  doi     = {10.1126/science.2183354},
  journal = {Science},
  month   = {04},
  note    = {Publisher: American Association for the Advancement of Science},
  number  = {4953},
  pages   = {358--361},
  title   = {Rational Design of Peptide-Based HIV Proteinase Inhibitors},
  url     = {https://www.science.org/doi/10.1126/science.2183354},
  volume  = {248},
  year    = {1990}
}

@article{sampathPandemicsThroughoutHistory2021,
  author  = {Sampath, Shrikanth and Khedr, Anwar and Qamar, Shahraz and Tekin, Aysun and Singh, Romil and Green, Ronya and Kashyap, Rahul},
  date    = {2021-09-20},
  doi     = {10.7759/cureus.18136},
  journal = {Cureus},
  langid  = {en},
  month   = {09},
  note    = {Publisher: Cureus},
  number  = {9},
  title   = {Pandemics Throughout the History},
  url     = {https://www.cureus.com/articles/69273-pandemics-throughout-the-history},
  volume  = {13},
  year    = {2021}
}

@article{sarafianosLamivudine3TCResistance1999,
  author  = {Sarafianos, S. G. and Das, K. and Clark, A. D. and Ding, J. and Boyer, P. L. and Hughes, S. H. and Arnold, E.},
  date    = {1999-08-31},
  doi     = {10.1073/pnas.96.18.10027},
  journal = {Proceedings of the National Academy of Sciences of the United States of America},
  langid  = {eng},
  month   = {08},
  note    = {PMID: 10468556
             PMCID: PMC17836},
  number  = {18},
  pages   = {10027--10032},
  title   = {Lamivudine (3TC) resistance in HIV-1 reverse transcriptase involves steric hindrance with beta-branched amino acids},
  volume  = {96},
  year    = {1999}
}

@article{savoretPilotStudyHumoral2020,
  author  = {Savoret, Juliette and Chazal, Nathalie and Moles, Jean-Pierre and Tuaillon, Edouard and Boufassa, Faroudy and Meyer, Laurence and Lecuroux, Camille and Lambotte, Olivier and Van De Perre, Philippe and Mesnard, Jean-Michel and Gross, Antoine},
  date    = {2020},
  journal = {Frontiers in Microbiology},
  title   = {A Pilot Study of the Humoral Response Against the AntiSense Protein (ASP) in HIV-1-Infected Patients},
  url     = {https://www.frontiersin.org/article/10.3389/fmicb.2020.00020},
  volume  = {11},
  year    = {2020}
}

@article{scarsiHIV1IntegraseInhibitors2020,
  author  = {Scarsi, Kimberly K. and Havens, Joshua P. and Podany, Anthony T. and Avedissian, Sean N. and Fletcher, Courtney V.},
  date    = {2020-11-01},
  doi     = {10.1007/s40265-020-01379-9},
  journal = {Drugs},
  langid  = {en},
  month   = {11},
  number  = {16},
  pages   = {1649--1676},
  title   = {HIV-1 Integrase Inhibitors: A Comparative Review of Efficacy and Safety},
  url     = {https://doi.org/10.1007/s40265-020-01379-9},
  volume  = {80},
  year    = {2020}
}

@article{shaferRationaleUsesPublic2006,
  author  = {Shafer, Robert W.},
  date    = {2006-09-01},
  doi     = {10.1086/505356},
  journal = {The Journal of Infectious Diseases},
  langid  = {en},
  month   = {09},
  number  = {Supplement{\_}1},
  pages   = {S51--S58},
  title   = {Rationale and Uses of a Public HIV Drug{-}Resistance Database},
  url     = {https://academic.oup.com/jid/article/194/Supplement_1/S51/894267},
  volume  = {194},
  year    = {2006}
}

@article{sharpOriginsHIVAIDS2011,
  author  = {Sharp, Paul M. and Hahn, Beatrice H.},
  date    = {2011-09},
  doi     = {10.1101/cshperspect.a006841},
  journal = {Cold Spring Harbor Perspectives in Medicine:},
  month   = {09},
  note    = {PMID: 22229120
             PMCID: PMC3234451},
  number  = {1},
  pages   = {a006841},
  title   = {Origins of HIV and the AIDS Pandemic},
  url     = {https://www.ncbi.nlm.nih.gov/pmc/articles/PMC3234451/},
  volume  = {1},
  year    = {2011}
}

@article{shawHIVTransmission2012,
  author  = {Shaw, George M. and Hunter, Eric},
  date    = {2012-01-11},
  doi     = {10.1101/cshperspect.a006965},
  journal = {Cold Spring Harbor Perspectives in Medicine},
  langid  = {en},
  month   = {01},
  note    = {Publisher: Cold Spring Harbor Laboratory Press
             PMID: 23043157},
  number  = {11},
  pages   = {a006965},
  title   = {HIV Transmission},
  url     = {http://perspectivesinmedicine.cshlp.org/content/2/11/a006965},
  volume  = {2},
  year    = {2012}
}

@article{shiEvolutionaryHistoryVertebrate2018,
  author  = {Shi, Mang and Lin, Xian-Dan and Chen, Xiao and Tian, Jun-Hua and Chen, Liang-Jun and Li, Kun and Wang, Wen and Eden, John-Sebastian and Shen, Jin-Jin and Liu, Li and Holmes, Edward C. and Zhang, Yong-Zhen},
  date    = {2018-04},
  doi     = {10.1038/s41586-018-0012-7},
  journal = {Nature},
  langid  = {en},
  month   = {04},
  note    = {Number: 7700
             Publisher: Nature Publishing Group},
  number  = {7700},
  pages   = {197--202},
  title   = {The evolutionary history of vertebrate RNA viruses},
  url     = {https://www.nature.com/articles/s41586-018-0012-7},
  volume  = {556},
  year    = {2018}
}

@article{shulmanGeneticCorrelatesEfavirenz2004,
  author  = {Shulman, Nancy S. and Bosch, Ronald J. and Mellors, John W. and Albrecht, Mary A. and Katzenstein, David A.},
  date    = {2004-09-03},
  journal = {AIDS},
  langid  = {canadian},
  month   = {09},
  number  = {13},
  pages   = {1781{\textendash}1785},
  title   = {Genetic correlates of efavirenz hypersusceptibility},
  url     = {https://journals.lww.com/aidsonline/Fulltext/2004/09030/Genetic_correlates_of_efavirenz.6.aspx},
  volume  = {18},
  year    = {2004}
}

@article{silvaInhibitionCatalyticMechanism1996,
  author  = {Silva, Abelardo M. and Cachau, {Raúl E.} and Sham, Hing L. and Erickson, John W.},
  date    = {1996-01-01},
  doi     = {10.1006/jmbi.1996.0026},
  journal = {Journal of Molecular Biology},
  langid  = {en},
  month   = {01},
  number  = {2},
  pages   = {321--340},
  title   = {Inhibition and catalytic mechanism of HIV-1 aspartic protease},
  url     = {https://www.sciencedirect.com/science/article/pii/S0022283696900261},
  volume  = {255},
  year    = {1996}
}

@article{simmondsVariabilityHepatitisVirus1995,
  author  = {Simmonds, Peter},
  date    = {1995-02-01},
  doi     = {10.1016/0270-9139(95)90121-3},
  journal = {Hepatology},
  langid  = {en},
  month   = {02},
  number  = {2},
  pages   = {570--583},
  title   = {Variability of hepatitis C virus},
  url     = {https://www.sciencedirect.com/science/article/pii/0270913995901213},
  volume  = {21},
  year    = {1995}
}

@article{sluis-cremerMolecularMechanismsHIV12000,
  author  = {Sluis-Cremer, N. and Arion, D. and {Parniak*}, M. A.},
  date    = {2000-09-01},
  doi     = {10.1007/PL00000626},
  journal = {Cellular and Molecular Life Sciences CMLS},
  langid  = {en},
  month   = {09},
  number  = {10},
  pages   = {1408--1422},
  title   = {Molecular mechanisms of HIV-1 resistance to nucleoside reverse transcriptase inhibitors (NRTIs)},
  url     = {https://doi.org/10.1007/PL00000626},
  volume  = {57},
  year    = {2000}
}

@article{stapletonGBVirusesReview2011,
  author  = {Stapleton, Jack T. and Foung, Steven and Muerhoff, A. Scott and Bukh, Jens and Simmonds, Peter},
  date    = {2011-02},
  doi     = {10.1099/vir.0.027490-0},
  journal = {The Journal of General Virology},
  month   = {02},
  note    = {PMID: 21084497
             PMCID: PMC3081076},
  number  = {Pt 2},
  pages   = {233--246},
  title   = {The GB viruses: a review and proposed classification of GBV-A, GBV-C (HGV), and GBV-D in genus Pegivirus within the family Flaviviridae},
  url     = {https://www.ncbi.nlm.nih.gov/pmc/articles/PMC3081076/},
  volume  = {92},
  year    = {2011}
}

@article{sutelaVirusesFungiOomycetes2019,
  author  = {Sutela, Suvi and Poimala, Anna and Vainio, Eeva J},
  date    = {2019-09-01},
  doi     = {10.1093/femsec/fiz119},
  journal = {FEMS Microbiology Ecology},
  month   = {09},
  number  = {9},
  pages   = {fiz119},
  title   = {Viruses of fungi and oomycetes in the soil environment},
  url     = {https://doi.org/10.1093/femsec/fiz119},
  volume  = {95},
  year    = {2019}
}

@article{tambuyzerEffectMutationsPosition2011,
  author  = {Tambuyzer, Lotke and Nijs, Steven and Daems, Bjorn and Picchio, Gaston and Vingerhoets, Johan},
  date    = {2011-09-01},
  doi     = {10.1097/QAI.0b013e3182237f74},
  journal = {JAIDS Journal of Acquired Immune Deficiency Syndromes},
  langid  = {canadian},
  month   = {09},
  number  = {1},
  pages   = {18{\textendash}22},
  title   = {Effect of Mutations at Position E138 in HIV-1 Reverse Transcriptase on Phenotypic Susceptibility and Virologic Response to Etravirine},
  url     = {https://journals.lww.com/jaids/fulltext/2011/09010/effect_of_mutations_at_position_e138_in_hiv_1.3.aspx},
  volume  = {58},
  year    = {2011}
}

@article{taylorChallengeHIV1Subtype2008,
  author  = {Taylor, Barbara S. and Sobieszczyk, Magdalena E. and McCutchan, Francine E. and Hammer, Scott M.},
  date    = {2008-04-10},
  doi     = {10.1056/NEJMra0706737},
  journal = {New England Journal of Medicine},
  month   = {04},
  note    = {Publisher: Massachusetts Medical Society
             {\_}eprint: https://doi.org/10.1056/NEJMra0706737
             PMID: 18403767},
  number  = {15},
  pages   = {1590--1602},
  title   = {The Challenge of HIV-1 Subtype Diversity},
  url     = {https://doi.org/10.1056/NEJMra0706737},
  volume  = {358},
  year    = {2008}
}

@article{tiltonEntryInhibitorsTreatment2010,
  author  = {Tilton, John C. and Doms, Robert W.},
  date    = {2010-01-01},
  doi     = {10.1016/j.antiviral.2009.07.022},
  journal = {Antiviral Research},
  langid  = {en},
  month   = {01},
  number  = {1},
  pages   = {91--100},
  series  = {Twenty-five Years of Antiretroviral Drug Development: Progress and Prospects},
  title   = {Entry inhibitors in the treatment of HIV-1 infection},
  url     = {https://www.sciencedirect.com/science/article/pii/S0166354209003945},
  volume  = {85},
  year    = {2010}
}

@article{twortINVESTIGATIONNATUREULTRAMICROSCOPIC1915,
  author  = {Twort, F. W.},
  date    = {1915-12-04},
  doi     = {10.1016/S0140-6736(01)20383-3},
  journal = {The Lancet},
  langid  = {English},
  month   = {12},
  note    = {Publisher: Elsevier},
  number  = {4814},
  pages   = {1241--1243},
  title   = {AN INVESTIGATION ON THE NATURE OF ULTRA-MICROSCOPIC VIRUSES.},
  url     = {https://www.thelancet.com/journals/lancet/article/PIIS0140-6736(01)20383-3/fulltext},
  volume  = {186},
  year    = {1915}
}

@article{ukchicsteeringcommitteeCreationLargeUKbased2004,
  author  = {UK CHIC Steering Committee, },
  date    = {2004},
  doi     = {10.1111/j.1468-1293.2004.00197.x},
  journal = {HIV Medicine},
  langid  = {en},
  number  = {2},
  pages   = {115--124},
  title   = {The creation of a large UK-based multicentre cohort of HIV-infected individuals: The UK Collaborative HIV Cohort (UK CHIC) Study},
  url     = {https://onlinelibrary.wiley.com/doi/abs/10.1111/j.1468-1293.2004.00197.x},
  volume  = {5},
  year    = {2004}
}

@article{vanderloeffSixteenYearsHIV2006,
  author  = {van der Loeff, Maarten F. Schim and Awasana, Akum Aveika and Sarge-Njie, Ramu and van der Sande, Marianne and Jaye, Assan and Sabally, Saihou and Corrah, Tumani and McConkey, Samuel J. and Whittle, Hilton C.},
  date    = {2006-10},
  doi     = {10.1093/ije/dyl037},
  journal = {International Journal of Epidemiology},
  langid  = {eng},
  month   = {10},
  note    = {PMID: 16543363},
  number  = {5},
  pages   = {1322--1328},
  title   = {Sixteen years of HIV surveillance in a West African research clinic reveals divergent epidemic trends of HIV-1 and HIV-2},
  volume  = {35},
  year    = {2006}
}

@article{vankan-davelaarUsingVirusesNanomedicines2014,
  author  = {van Kan-Davelaar, H E and van Hest, J C M and Cornelissen, J J L M and Koay, M S T},
  date    = {2014},
  doi     = {10.1111/bph.12662},
  journal = {British Journal of Pharmacology},
  langid  = {en},
  note    = {{\_}eprint: https://onlinelibrary.wiley.com/doi/pdf/10.1111/bph.12662},
  number  = {17},
  pages   = {4001--4009},
  title   = {Using viruses as nanomedicines},
  url     = {https://onlinelibrary.wiley.com/doi/abs/10.1111/bph.12662},
  volume  = {171},
  year    = {2014}
}

@article{vidalUnprecedentedDegreeHuman2000,
  author  = {Vidal, N. and Peeters, M. and Mulanga-Kabeya, C. and Nzilambi, N. and Robertson, D. and Ilunga, W. and Sema, H. and Tshimanga, K. and Bongo, B. and Delaporte, E.},
  date    = {2000-11},
  doi     = {10.1128/jvi.74.22.10498-10507.2000},
  journal = {Journal of Virology},
  langid  = {eng},
  month   = {11},
  note    = {PMID: 11044094
             PMCID: PMC110924},
  number  = {22},
  pages   = {10498--10507},
  title   = {Unprecedented degree of human immunodeficiency virus type 1 (HIV-1) group M genetic diversity in the Democratic Republic of Congo suggests that the HIV-1 pandemic originated in Central Africa},
  volume  = {74},
  year    = {2000}
}

@article{vidyavijayanPathophysiologyCD4TCell2017,
  author  = {Vidya Vijayan, K. K. and Karthigeyan, Krithika Priyadarshini and Tripathi, Srikanth P. and Hanna, Luke Elizabeth},
  date    = {2017-05-23},
  doi     = {10.3389/fimmu.2017.00580},
  journal = {Frontiers in Immunology},
  month   = {05},
  note    = {PMID: 28588579
             PMCID: PMC5440548},
  pages   = {580},
  title   = {Pathophysiology of CD4+ T-Cell Depletion in HIV-1 and HIV-2 Infections},
  url     = {https://www.ncbi.nlm.nih.gov/pmc/articles/PMC5440548/},
  volume  = {8},
  year    = {2017}
}

@article{vkovskiCoronavirusBiologyReplication2021,
  author  = {{V{\textquoteright}kovski}, Philip and Kratzel, Annika and Steiner, Silvio and Stalder, Hanspeter and Thiel, Volker},
  date    = {2021-03},
  doi     = {10.1038/s41579-020-00468-6},
  journal = {Nature Reviews Microbiology},
  langid  = {en},
  month   = {03},
  note    = {Number: 3
             Publisher: Nature Publishing Group},
  number  = {3},
  pages   = {155--170},
  title   = {Coronavirus biology and replication: implications for SARS-CoV-2},
  url     = {https://www.nature.com/articles/s41579-020-00468-6},
  volume  = {19},
  year    = {2021}
}

@article{wangVirusesParasiticProtozoa1991,
  author  = {Wang, A. L. and Wang, C. C.},
  date    = {1991-01-01},
  doi     = {10.1016/0169-4758(91)90198-W},
  journal = {Parasitology Today},
  langid  = {en},
  month   = {01},
  number  = {4},
  pages   = {76--80},
  title   = {Viruses of parasitic protozoa},
  url     = {https://www.sciencedirect.com/science/article/pii/016947589190198W},
  volume  = {7},
  year    = {1991}
}

@article{weissHowDoesHIV1993,
  author  = {Weiss, Robin A.},
  date    = {1993-05-28},
  doi     = {10.1126/science.8493571},
  journal = {Science},
  month   = {05},
  note    = {Publisher: American Association for the Advancement of Science},
  number  = {5112},
  pages   = {1273--1279},
  title   = {How Does HIV Cause AIDS?},
  url     = {https://www.science.org/doi/10.1126/science.8493571},
  volume  = {260},
  year    = {1993}
}

@article{wellerHerpesSimplexViruses2012,
  author  = {Weller, Sandra K. and Coen, Donald M.},
  date    = {2012-09},
  doi     = {10.1101/cshperspect.a013011},
  journal = {Cold Spring Harbor Perspectives in Biology},
  month   = {09},
  note    = {PMID: 22952399
             PMCID: PMC3428768},
  number  = {9},
  pages   = {a013011},
  title   = {Herpes Simplex Viruses: Mechanisms of DNA Replication},
  url     = {https://www.ncbi.nlm.nih.gov/pmc/articles/PMC3428768/},
  volume  = {4},
  year    = {2012}
}

@article{wensing2019UpdateDrug2019,
  author  = {Wensing, Annemarie M. and Calvez, Vincent and Ceccherini-Silberstein, Francesca and Charpentier, Charlotte and {Günthard}, Huldrych F. and Paredes, Roger and Shafer, Robert W. and Richman, Douglas D.},
  date    = {2019-09},
  journal = {Topics in Antiviral Medicine},
  langid  = {eng},
  month   = {09},
  note    = {PMID: 31634862
             PMCID: PMC6892618},
  number  = {3},
  pages   = {111--121},
  title   = {2019 update of the drug resistance mutations in HIV-1},
  url     = {https://pubmed.ncbi.nlm.nih.gov/31634862/},
  volume  = {27},
  year    = {2019}
}

@article{wensingFifteenYearsHIV2010,
  author  = {Wensing, Annemarie M. J. and van Maarseveen, Noortje M. and Nijhuis, Monique},
  date    = {2010-01-01},
  doi     = {10.1016/j.antiviral.2009.10.003},
  journal = {Antiviral Research},
  langid  = {en},
  month   = {01},
  number  = {1},
  pages   = {59--74},
  series  = {Twenty-five Years of Antiretroviral Drug Development: Progress and Prospects},
  title   = {Fifteen years of HIV Protease Inhibitors: raising the barrier to resistance},
  url     = {https://www.sciencedirect.com/science/article/pii/S0166354209004902},
  volume  = {85},
  year    = {2010}
}

@article{wimmerGeneticsPoliovirus1993,
  author  = {Wimmer, Eckard and Hellen, Christopher U. T. and Cao, Xuemei},
  date    = {1993-01-01},
  journal = {Annual Review of Genetics},
  langid  = {English},
  month   = {01},
  note    = {Publisher: Annual Reviews, Inc.},
  pages   = {353--437},
  title   = {Genetics of poliovirus},
  url     = {https://go.gale.com/ps/i.do?p=AONE&sw=w&issn=00664197&v=2.1&it=r&id=GALE%7CA15539705&sid=googleScholar&linkaccess=abs},
  volume  = {27},
  year    = {1993}
}

@book{worldhealthorganizationGlobalReportUNAIDS2010,
  address   = {Geneve},
  author    = {World Health Organization, },
  date      = {2010},
  langid    = {en},
  note      = {OCLC: 780905192},
  publisher = {World Health Organization},
  title     = {Global report: UNAIDS report on the global AIDS epidemic 2010.},
  url       = {https://www.unaids.org/globalreport/Global_report.htm},
  year      = {2010}
}

@article{worobeyDirectEvidenceExtensive2008,
  author  = {Worobey, Michael and Gemmel, Marlea and Teuwen, Dirk E. and Haselkorn, Tamara and Kunstman, Kevin and Bunce, Michael and Muyembe, Jean-Jacques and Kabongo, Jean-Marie M. and Kalengayi, {Raphaël M.} and Van Marck, Eric and Gilbert, M. Thomas P. and Wolinsky, Steven M.},
  date    = {2008-10},
  doi     = {10.1038/nature07390},
  journal = {Nature},
  langid  = {en},
  month   = {10},
  note    = {Number: 7213
             Publisher: Nature Publishing Group},
  number  = {7213},
  pages   = {661--664},
  title   = {Direct evidence of extensive diversity of HIV-1 in Kinshasa by 1960},
  url     = {https://www.nature.com/articles/nature07390},
  volume  = {455},
  year    = {2008}
}

@inbook{xuPlantVirusSatellites2011,
  author    = {Xu, Ping and Roossinck, Marilyn J},
  date      = {2011},
  doi       = {10.1002/9780470015902.a0000771.pub2},
  langid    = {en},
  note      = {{\_}eprint: https://onlinelibrary.wiley.com/doi/pdf/10.1002/9780470015902.a0000771.pub2
               DOI: 10.1002/9780470015902.a0000771.pub2},
  publisher = {John Wiley \& Sons, Ltd},
  title     = {Plant Virus Satellites},
  url       = {https://onlinelibrary.wiley.com/doi/abs/10.1002/9780470015902.a0000771.pub2},
  year      = {2011}
}

@article{yamamotoCharacterizationNonpathogenicH5N12011,
  author  = {Yamamoto, Naoki and Sakoda, Yoshihiro and Motoshima, Masayuki and Yoshino, Fumi and Soda, Kosuke and Okamatsu, Masatoshi and Kida, Hiroshi},
  date    = {2011-02-11},
  doi     = {10.1186/1743-422X-8-65},
  journal = {Virology Journal},
  month   = {02},
  number  = {1},
  pages   = {65},
  title   = {Characterization of a non-pathogenic H5N1 influenza virus isolated from a migratory duck flying from Siberia in Hokkaido, Japan, in October 2009},
  url     = {https://doi.org/10.1186/1743-422X-8-65},
  volume  = {8},
  year    = {2011}
}

@article{yuStructuralInsightsHIV12017,
  author  = {Yu, Yuqi and Wang, Jinan and Chen, Zhaoqiang and Wang, Guimin and Shao, Qiang and Shi, Jiye and Zhu, Weiliang},
  date    = {2017-09-15},
  doi     = {10.1039/C7RA09691G},
  journal = {RSC Advances},
  langid  = {en},
  month   = {09},
  note    = {Publisher: The Royal Society of Chemistry},
  number  = {71},
  pages   = {45121--45128},
  title   = {Structural insights into HIV-1 protease flap opening processes and key intermediates},
  url     = {https://pubs.rsc.org/en/content/articlelanding/2017/ra/c7ra09691g},
  volume  = {7},
  year    = {2017}
}

@article{zardecki2022,
  author  = {Zardecki, Christine and Dutta, Shuchismita and Goodsell, David S. and Lowe, Robert and Voigt, Maria and Burley, Stephen K.},
  date    = {2022},
  doi     = {10.1002/pro.4200},
  journal = {Protein Science},
  langid  = {en},
  note    = {{\_}eprint: https://onlinelibrary.wiley.com/doi/pdf/10.1002/pro.4200},
  number  = {1},
  pages   = {129--140},
  title   = {PDB-101: Educational resources supporting molecular explorations through biology and medicine},
  url     = {https://onlinelibrary.wiley.com/doi/abs/10.1002/pro.4200},
  volume  = {31},
  year    = {2022}
}

@article{zolopaEvolutionHIVTreatment2010,
  author  = {Zolopa, Andrew R.},
  date    = {2010-01-01},
  doi     = {10.1016/j.antiviral.2009.10.018},
  journal = {Antiviral Research},
  langid  = {en},
  month   = {01},
  number  = {1},
  pages   = {241--244},
  series  = {Twenty-five Years of Antiretroviral Drug Development: Progress and Prospects},
  title   = {The evolution of HIV treatment guidelines: Current state-of-the-art of ART},
  url     = {https://www.sciencedirect.com/science/article/pii/S0166354209005051},
  volume  = {85},
  year    = {2010}
}

@techreport{worldhealthorganizationConsolidatedGuidelinesUse2016,
	title = {Consolidated guidelines on the use of antiretroviral drugs for treating and preventing HIV infection},
	author = {World Health Organization, },
	year = {2016},
	month = {06},
	date = {2016-06},
	url = {http://www.who.int/hiv/pub/arv/arv-2016/en/},
	note = {Publisher: World Health Organization},
	langid = {English}
}

@techreport{worldhealthorganizationConsolidatedGuidelinesHIV2021,
	title = {Consolidated guidelines on HIV prevention, testing, treatment, service delivery and monitoring: recommendations for a public health approach},
	author = {World Health Organization, },
	year = {2021},
	month = {07},
	date = {2021-07-16},
	url = {https://www.who.int/publications-detail-redirect/9789240031593},
	langid = {en}
}
