
@article{jonesProteinSecondaryStructure1999,
	title = {Protein secondary structure prediction based on position-specific scoring matrices},
	author = {Jones, D. T.},
	year = {1999},
	month = {09},
	date = {1999-09-17},
	journal = {Journal of Molecular Biology},
	pages = {195--202},
	volume = {292},
	number = {2},
	doi = {10.1006/jmbi.1999.3091},
	note = {PMID: 10493868},
	langid = {eng}
}

@article{kelleyBassetLearningRegulatory2016,
	title = {Basset: learning the regulatory code of the accessible genome with deep convolutional neural networks},
	author = {Kelley, David R. and Snoek, Jasper and Rinn, John L.},
	year = {2016},
	month = {07},
	date = {2016-07},
	journal = {Genome Research},
	pages = {990--999},
	volume = {26},
	number = {7},
	doi = {10.1101/gr.200535.115},
	url = {https://www.ncbi.nlm.nih.gov/pmc/articles/PMC4937568/},
	note = {PMID: 27197224
PMCID: PMC4937568}
}

@article{renPredictionAntimicrobialResistance2022,
	title = {Prediction of antimicrobial resistance based on whole-genome sequencing and machine learning},
	author = {Ren, Yunxiao and Chakraborty, Trinad and Doijad, Swapnil and Falgenhauer, Linda and Falgenhauer, Jane and Goesmann, Alexander and Hauschild, Anne-Christin and Schwengers, Oliver and Heider, Dominik},
	year = {2022},
	month = {01},
	date = {2022-01-15},
	journal = {Bioinformatics},
	pages = {325--334},
	volume = {38},
	number = {2},
	doi = {10.1093/bioinformatics/btab681},
	url = {https://doi.org/10.1093/bioinformatics/btab681}
}

@article{kimMachineLearningAntimicrobial2022,
	title = {Machine Learning for Antimicrobial Resistance Prediction: Current Practice, Limitations, and Clinical Perspective},
	author = {Kim, Jee In and Maguire, Finlay and Tsang, Kara K. and Gouliouris, Theodore and Peacock, Sharon J. and McAllister, Tim A. and McArthur, Andrew G. and Beiko, Robert G.},
	year = {2022},
	month = {05},
	date = {2022-05-25},
	journal = {Clinical Microbiology Reviews},
	pages = {e00179--21},
	volume = {0},
	number = {0},
	doi = {10.1128/cmr.00179-21},
	url = {https://journals.asm.org/doi/full/10.1128/cmr.00179-21},
	note = {Publisher: American Society for Microbiology}
}

@article{hagaMachineLearningbasedTreatment2020,
	title = {A machine learning-based treatment prediction model using whole genome variants of hepatitis C virus},
	author = {Haga, Hiroaki and Sato, Hidenori and Koseki, Ayumi and Saito, Takafumi and Okumoto, Kazuo and Hoshikawa, Kyoko and Katsumi, Tomohiro and Mizuno, Kei and Nishina, Taketo and Ueno, Yoshiyuki},
	year = {2020},
	month = {11},
	date = {2020-11-05},
	journal = {PLOS ONE},
	pages = {e0242028},
	volume = {15},
	number = {11},
	doi = {10.1371/journal.pone.0242028},
	url = {https://journals.plos.org/plosone/article?id=10.1371/journal.pone.0242028},
	note = {Publisher: Public Library of Science},
	langid = {en}
}

@article{zazziPredictingResponseAntiretroviral2012,
	title = {Predicting Response to Antiretroviral Treatment by Machine Learning: The EuResist Project},
	author = {Zazzi, Maurizio and Incardona, Francesca and Rosen-Zvi, Michal and Prosperi, Mattia and Lengauer, Thomas and Altmann, Andre and Sonnerborg, Anders and Lavee, Tamar and {Schülter}, Eugen and Kaiser, Rolf},
	year = {2012},
	date = {2012},
	journal = {Intervirology},
	pages = {123--127},
	volume = {55},
	number = {2},
	doi = {10.1159/000332008},
	url = {https://www.karger.com/Article/FullText/332008},
	note = {Publisher: Karger Publishers
PMID: 22286881},
	langid = {english}
}

@article{weiPredictionHumanProtein2018,
	title = {Prediction of human protein subcellular localization using deep learning},
	author = {Wei, Leyi and Ding, Yijie and Su, Ran and Tang, Jijun and Zou, Quan},
	year = {2018},
	month = {07},
	date = {2018-07-01},
	journal = {Journal of Parallel and Distributed Computing},
	pages = {212--217},
	volume = {117},
	doi = {10.1016/j.jpdc.2017.08.009},
	url = {http://www.sciencedirect.com/science/article/pii/S0743731517302393}
}

@article{ratschLearningInterpretableSVMs2006,
	title = {Learning Interpretable SVMs for Biological Sequence Classification},
	author = {{Rätsch}, Gunnar and Sonnenburg, {Sören} and {Schäfer}, Christin},
	year = {2006},
	month = {03},
	date = {2006-03-20},
	journal = {BMC Bioinformatics},
	pages = {S9},
	volume = {7},
	number = {1},
	doi = {10.1186/1471-2105-7-S1-S9},
	url = {https://doi.org/10.1186/1471-2105-7-S1-S9},
	langid = {en}
}

@article{ortunoComparingDifferentMachine2015,
	title = {Comparing different machine learning and mathematical regression models to evaluate multiple sequence alignments},
	author = {{Ortuño}, Francisco M. and Valenzuela, Olga and Prieto, Beatriz and Saez-Lara, Maria Jose and Torres, Carolina and Pomares, Hector and Rojas, Ignacio},
	year = {2015},
	month = {09},
	date = {2015-09-21},
	journal = {Neurocomputing},
	pages = {123--136},
	volume = {164},
	doi = {10.1016/j.neucom.2015.01.080},
	url = {https://www.sciencedirect.com/science/article/pii/S0925231215003033},
	langid = {en}
}

@article{ammad-ud-dinSystematicIdentificationFeature2017,
	title = {Systematic identification of feature combinations for predicting drug response with Bayesian multi-view multi-task linear regression},
	author = {Ammad-ud-din, Muhammad and Khan, Suleiman A and Wennerberg, Krister and Aittokallio, Tero},
	year = {2017},
	month = {07},
	date = {2017-07-15},
	journal = {Bioinformatics},
	pages = {i359--i368},
	volume = {33},
	number = {14},
	doi = {10.1093/bioinformatics/btx266},
	url = {https://doi.org/10.1093/bioinformatics/btx266}
}

@article{noeMachineLearningProtein2020,
	title = {Machine learning for protein folding and dynamics},
	author = {{Noé}, Frank and De Fabritiis, Gianni and Clementi, Cecilia},
	year = {2020},
	month = {02},
	date = {2020-02-01},
	journal = {Current Opinion in Structural Biology},
	pages = {77--84},
	series = {Folding and Binding ● Proteins},
	volume = {60},
	doi = {10.1016/j.sbi.2019.12.005},
	url = {https://www.sciencedirect.com/science/article/pii/S0959440X19301447},
	langid = {en}
}

@article{pearceSolutionProteinStructure2021,
	title = {Toward the solution of the protein structure prediction problem},
	author = {Pearce, Robin and Zhang, Yang},
	year = {2021},
	month = {07},
	date = {2021-07-01},
	journal = {Journal of Biological Chemistry},
	volume = {297},
	number = {1},
	doi = {10.1016/j.jbc.2021.100870},
	url = {https://www.jbc.org/article/S0021-9258(21)00670-0/abstract},
	note = {Publisher: Elsevier
PMID: 34119522},
	langid = {English}
}

@article{tunyasuvunakoolHighlyAccurateProtein2021,
	title = {Highly accurate protein structure prediction for the human proteome},
	author = {Tunyasuvunakool, Kathryn and Adler, Jonas and Wu, Zachary and Green, Tim and Zielinski, Michal and {{\v{Z}}ídek}, Augustin and Bridgland, Alex and Cowie, Andrew and Meyer, Clemens and Laydon, Agata and Velankar, Sameer and Kleywegt, Gerard J. and Bateman, Alex and Evans, Richard and Pritzel, Alexander and Figurnov, Michael and Ronneberger, Olaf and Bates, Russ and Kohl, Simon A. A. and Potapenko, Anna and Ballard, Andrew J. and Romera-Paredes, Bernardino and Nikolov, Stanislav and Jain, Rishub and Clancy, Ellen and Reiman, David and Petersen, Stig and Senior, Andrew W. and Kavukcuoglu, Koray and Birney, Ewan and Kohli, Pushmeet and Jumper, John and Hassabis, Demis},
	year = {2021},
	month = {08},
	date = {2021-08},
	journal = {Nature},
	pages = {590--596},
	volume = {596},
	number = {7873},
	doi = {10.1038/s41586-021-03828-1},
	url = {https://www.nature.com/articles/s41586-021-03828-1},
	note = {Number: 7873
Publisher: Nature Publishing Group},
	langid = {en}
}

@article{chengMachineLearningMethods2008,
	title = {Machine Learning Methods for Protein Structure Prediction},
	author = {Cheng, Jianlin and Tegge, Allison N. and Baldi, Pierre},
	year = {2008},
	date = {2008},
	journal = {IEEE Reviews in Biomedical Engineering},
	pages = {41--49},
	volume = {1},
	doi = {10.1109/RBME.2008.2008239},
	note = {Conference Name: IEEE Reviews in Biomedical Engineering}
}

@article{alquraishiMachineLearningProtein2021,
	title = {Machine learning in protein structure prediction},
	author = {AlQuraishi, Mohammed},
	year = {2021},
	month = {12},
	date = {2021-12-01},
	journal = {Current Opinion in Chemical Biology},
	pages = {1--8},
	series = {Mechanistic Biology * Machine Learning in Chemical Biology},
	volume = {65},
	doi = {10.1016/j.cbpa.2021.04.005},
	url = {https://www.sciencedirect.com/science/article/pii/S1367593121000508},
	langid = {en}
}

@article{wangAccurateNovoPrediction2017,
	title = {Accurate De Novo Prediction of Protein Contact Map by Ultra-Deep Learning Model},
	author = {Wang, Sheng and Sun, Siqi and Li, Zhen and Zhang, Renyu and Xu, Jinbo},
	year = {2017},
	month = {01},
	date = {2017-01-05},
	journal = {PLOS Computational Biology},
	pages = {e1005324},
	volume = {13},
	number = {1},
	doi = {10.1371/journal.pcbi.1005324},
	url = {https://journals.plos.org/ploscompbiol/article?id=10.1371/journal.pcbi.1005324},
	note = {Publisher: Public Library of Science},
	langid = {en}
}

@article{wittmannAdvancesMachineLearning2021,
	title = {Advances in machine learning for directed evolution},
	author = {Wittmann, Bruce J and Johnston, Kadina E and Wu, Zachary and Arnold, Frances H},
	year = {2021},
	month = {08},
	date = {2021-08-01},
	journal = {Current Opinion in Structural Biology},
	pages = {11--18},
	series = {Engineering and Design ● Membranes},
	volume = {69},
	doi = {10.1016/j.sbi.2021.01.008},
	url = {https://www.sciencedirect.com/science/article/pii/S0959440X21000154},
	langid = {en}
}

@article{yangMachinelearningguidedDirectedEvolution2019,
	title = {Machine-learning-guided directed evolution for protein engineering},
	author = {Yang, Kevin K. and Wu, Zachary and Arnold, Frances H.},
	year = {2019},
	month = {08},
	date = {2019-08},
	journal = {Nature Methods},
	pages = {687--694},
	volume = {16},
	number = {8},
	doi = {10.1038/s41592-019-0496-6},
	url = {https://www.nature.com/articles/s41592-019-0496-6},
	note = {Number: 8
Publisher: Nature Publishing Group},
	langid = {en}
}

@article{liCanMachineLearning2019,
	title = {Can Machine Learning Revolutionize Directed Evolution of Selective Enzymes?},
	author = {Li, Guangyue and Dong, Yijie and Reetz, Manfred T.},
	year = {2019},
	date = {2019},
	journal = {Advanced Synthesis \& Catalysis},
	pages = {2377--2386},
	volume = {361},
	number = {11},
	doi = {10.1002/adsc.201900149},
	url = {https://onlinelibrary.wiley.com/doi/abs/10.1002/adsc.201900149},
	note = {{\_}eprint: https://onlinelibrary.wiley.com/doi/pdf/10.1002/adsc.201900149},
	langid = {en}
}

@article{wangPredictingDNAMethylation2016,
	title = {Predicting DNA Methylation State of CpG Dinucleotide Using Genome Topological Features and Deep Networks},
	author = {Wang, Yiheng and Liu, Tong and Xu, Dong and Shi, Huidong and Zhang, Chaoyang and Mo, Yin-Yuan and Wang, Zheng},
	year = {2016},
	month = {01},
	date = {2016-01-22},
	journal = {Scientific Reports},
	pages = {19598},
	volume = {6},
	number = {1},
	doi = {10.1038/srep19598},
	url = {https://www.nature.com/articles/srep19598},
	note = {Number: 1
Publisher: Nature Publishing Group},
	langid = {en}
}

@article{xieDeepAutoencoderModel2017,
	title = {A deep auto-encoder model for gene expression prediction},
	author = {Xie, Rui and Wen, Jia and Quitadamo, Andrew and Cheng, Jianlin and Shi, Xinghua},
	year = {2017},
	month = {11},
	date = {2017-11-17},
	journal = {BMC Genomics},
	pages = {845},
	volume = {18},
	number = {9},
	doi = {10.1186/s12864-017-4226-0},
	url = {https://doi.org/10.1186/s12864-017-4226-0}
}
